1801 3213
689 175 773 216 Das
805 174 998 229 Privileg.

68 292 214 334 fratres
260 303 351 333 cum
401 291 646 344 possessione
693 292 809 334 istius

69 362 260 404 ecclesiae
292 361 449 415 accepi,
498 362 557 403 sic
596 361 689 403 illos
732 361 809 404 tibi

67 446 139 486 per
171 445 305 474 eorum
347 431 583 474 electionem
620 446 710 474 cum
743 445 810 474 ea-

69 503 160 546 dem
180 503 322 558 regula
344 504 384 545 et
407 503 651 556 possessione
674 516 809 545 coram

67 575 154 616 Deo
195 575 234 615 et
272 574 422 616 sanctis
462 574 547 616 eius
595 574 809 616 servandos

67 645 287 696 committo,
322 645 367 686 ut
399 644 446 686 de
479 657 617 686 eorum
649 657 806 686 conser-

67 716 229 759 vatione
259 716 342 758 tale
387 715 568 757 studium
610 727 807 766 exerceas,

46 787 257 840 quatinus
298 799 434 828 secure
475 787 517 827 111
563 786 627 827 die
669 785 810 828 iudicii

66 857 210 898 exinde
228 857 361 899 valeas
378 857 545 898 reddere
567 856 807 898 rationem“.

66 927 121 969 Et
168 928 224 969 sic
267 928 542 981 unusquisque
588 928 639 969 ab
681 928 808 969 altero

68 1011 205 1040 curam
238 999 419 1052 prefatae
446 998 624 1052 suscepit
656 999 810 1040 aeccle-

68 1069 164 1110 siae.
229 1069 297 1111 Sic
329 1082 422 1111 vero
443 1069 521 1110 Dei
551 1069 809 1111 miseratione

66 1139 304 1193 quandoque
336 1142 471 1182 actum
495 1139 621 1191 fieret,
645 1141 690 1181 ut
717 1153 809 1182 con-

67 1210 300 1264 sanguineis
322 1211 435 1252 illius
456 1211 594 1265 regale
611 1211 803 1252 solarium

67 1281 134 1323 vel
166 1282 376 1334 spirituale
408 1282 588 1323 studium
621 1281 809 1324 deficeret

65 1365 114 1394 ac
147 1352 230 1394 Deo
262 1353 508 1394 miseranted
549 1353 810 1407 congregatio

66 1423 155 1477 ipsa
186 1436 277 1465 cum
308 1423 489 1476 profectu
527 1425 806 1475 succresceret,

66 1495 256 1548 quatinus
288 1495 395 1535 infra
436 1494 675 1536 aecclesiam
717 1507 809 1536 0011-

67 1565 320 1620 gregationis
363 1565 533 1620 dignum
574 1566 695 1618 caput
735 1565 808 1607 eli-

68 1637 233 1691 geretur
251 1637 278 1686 3,
321 1636 635 1690 gloriosissimus
682 1637 808 1690 impe-

67 1708 178 1748 rator
215 1707 389 1749 Karolus
431 1708 568 1749 sancto
607 1707 809 1761 Liudgero

65 1778 354 1831 interpellante
394 1778 602 1820 licentiam
635 1779 809 1820 devotis-

68 1849 168 1890 sime
189 1849 395 1892 tradidit4.
418 1849 544 1902 Super
565 1850 663 1891 haec
686 1850 809 1891 etiam

67 1920 201 1960 omnia
232 1919 483 1962 terribilibus
514 1920 809 1962 interminatio-

66 1990 188 2032 nibus
222 1990 337 2032 illum
371 1991 693 2044 condempnavit,

68 2131 103 2174 si
125 2132 271 2186 aliquis
287 2133 390 2174 113110
408 2133 708 2175 constitutionis
726 2134 809 2174 tra-

69 2202 263 2244 ditionem
299 2203 522 2258 infringere
554 2205 626 2245 aut
657 2204 810 2257 disper-

1536 173 1620 214 293

881 292 1010 333 morte
1072 291 1112 333 et
1176 290 1434 332 anathemate
1495 289 1621 332 trium

882 361 1155 414 episcoporum
1173 395 1182 412 ,
1236 361 1364 403 sancti
1428 361 1622 416 Liudgeri

882 432 922 473 et
953 432 1196 486 Hildigrimi
1226 433 1410 487 germani
1440 432 1524 474 eius
1557 432 1622 473 eta

883 501 1061 544 Gerfridi
1093 504 1250 556 nepotis
1285 504 1460 553 eorumb,
1493 503 1623 549 valla-f

881 574 949 614 tus
981 573 1195 626 impuram,
1229 575 1275 615 ut
1295 573 1498 624 timemus,
1531 573 1621 615 red-

882 643 988 685 didit
1019 645 1209 688 animam.
1259 645 1336 687 Sed
1359 645 1454 698 quia
1486 644 1622 685 Hildi-

881 715 1040 768 grimus
1072 715 1146 757 illo
1176 716 1354 769 tempore
1376 715 1507 756 iunior
1539 715 1621 756 iam

881 786 977 827 tunc
1010 786 1216 840 episcopus
1256 787 1388 837 fuitl,
1430 786 1498 839 qui
1535 785 1622 827 erat

881 869 1001 909 nepos
1024 857 1154 898 sancti
1178 857 1385 911 Liudgeri,
1410 856 1621 911 elegerunt

881 939 973 968 eum
1004 927 1151 969 fratres
1192 928 1249 969 ibi
1282 928 1366 969 Deo
1401 927 1621 969 servientes

881 998 1086 1048 abbatem,
1120 999 1159 1040 et
1191 1000 1235 1039 ut
1257 999 1342 1052 ipse
1374 1011 1438 1041 eos
1461 999 1503 1039 in
1535 1010 1623 1039 ma-

880 1082 955 1110 nus
1007 1070 1139 1123 regias
1186 1082 1256 1123 pro
1302 1069 1386 1111 sola
1435 1068 1620 1119 tuitione,

882 1140 987 1181 sicut
1017 1141 1268 1193 promiserat,
1299 1153 1391 1182 cum
1429 1152 1622 1181 consensu

881 1211 1060 1252 omnium
1091 1211 1266 1252 fratrum
1307 1210 1619 1261 commendaret,

882 1294 930 1323 ne
962 1281 1068 1323 alius
1099 1281 1247 1334 aliquis
1287 1281 1390 1322 illud
1430 1281 1621 1323 invadere

882 1353 953 1394 aut
984 1352 1104 1394 alteri
1127 1352 1407 1394 commendare
1428 1352 1511 1394 ullo
1533 1364 1622 1392 um-

883 1436 1003 1477 quam
1025 1424 1203 1476 tempore
1225 1423 1484 1476 presumeret.
1508 1422 1622 1474 Quod

881 1507 951 1548 per
983 1494 1140 1544 omnia,
1187 1495 1234 1535 ut
1265 1494 1397 1536 verbis
1428 1493 1622 1547 promise-

881 1567 959 1617 rat,
1002 1565 1122 1607 factis
1169 1565 1409 1618 adimplevit
1426 1566 1452 1607 2.
1514 1565 1622 1605 Nam

882 1637 987 1690 quod
1019 1637 1137 1678 illum
1171 1636 1353 1678 malivoli
1395 1636 1524 1690 egisse
1556 1648 1621 1677 ca-

881 1708 1185 1761 lumpniantur‚
1234 1707 1280 1748 ut
1309 1706 1398 1761 regi
1443 1706 1548 1747 illud
1579 1705 1623 1746 in

881 1778 1114 1832 propriume
1147 1778 1346 1827 donasset,
1384 1777 1458 1819 hoc
1490 1777 1622 1819 facere

882 1849 1076 1902 nequivit,
1126 1849 1219 1902 quia
1265 1861 1486 1901 numquam
1532 1860 1623 1900 pro-

882 1921 1016 1974 prium
1047 1920 1192 1963 tenuit.
1233 1919 1310 1961 Sed
1333 1932 1489 1972 semper
1520 1919 1625 1961 liber

882 1992 923 2033 et
954 1991 1296 2033 incontaminatus
1331 1990 1440 2032 locus
1480 1990 1557 2031 iste
1599 2001 1623 2030 a

882 2063 967 2104 Deo
1001 2062 1060 2104 est
1097 2061 1382 2104 observandus.
1436 2059 1624 2102 Ceterum

884 2133 918 2174 si
951 2133 1039 2186 quis
1071 2133 1162 2186 post
1192 2133 1278 2183 hoc,
1309 2131 1414 2185 quod
1445 2144 1523 2173 non
1554 2143 1624 2184 op-

881 2205 1030 2255 tamus,
1070 2204 1174 2245 hauc
1214 2202 1509 2245 institutionem
1542 2202 1625 2256 spi-

210 2351 226 2368 3
250 2343 277 2387 f.
304 2343 394 2379 Mse.
420 2344 476 2379 II.
503 2347 556 2378 12.
587 2364 628 2368 —
656 2345 672 2369 b
699 2344 773 2378 eius
800 2344 940 2379 Ficlcer.
981 2364 1023 2368 —
1051 2352 1065 2369 ⁰
1091 2346 1112 2386 ἦ·
1143 2355 1176 2378 α.
1203 2343 1248 2377 R.
1275 2342 1320 2377 A.
1349 2362 1390 2366 -—
1418 2342 1435 2367 d
1460 2353 1549 2377 corr.
1576 2341 1624 2378 A.

68 2421 114 2426 —
140 2409 155 2427 e
179 2404 388 2446 perpetuum
414 2402 505 2438 Mse.
530 2403 587 2437 II.
613 2406 668 2439 12.

212 2569 245 2613 1)
271 2567 467 2611 Hildigrim
494 2578 565 2602 war
603 2567 748 2602 Bischof
772 2579 839 2602 von
877 2566 1114 2602 Halberstadt
1142 2577 1208 2601 von
1245 2566 1431 2602 853—886
1457 2566 1540 2601 Dec.
1567 2567 1624 2600 21.

211 2628 247 2672 2)
273 2626 347 2661 Auf
370 2626 465 2661 seinc
501 2626 602 2660 Bittc
637 2627 744 2660 nahm
781 2626 932 2669 Ludwig
958 2626 1023 2660 III.
1052 2625 1108 2659 die
1144 2624 1254 2659 Abtei
1280 2624 1431 2659 Werden
1456 2625 1524 2659 877
1550 2624 1625 2658 Mai

68 2687 114 2721 22
141 2686 178 2720 in
204 2686 326 2720 seinen
352 2685 494 2726 Schutz,
518 2685 736 2726 bestimmtc,
773 2684 851 2719 dass
884 2684 946 2719 das
981 2685 1124 2719 Kloster
1149 2684 1223 2718 ihm
1249 2683 1470 2728 untergeben
1495 2683 1624 2724 bleibe,

68 2744 160 2779 nach
178 2744 313 2779 seinem
332 2744 427 2778 Tode
446 2744 531 2778 aber
556 2743 624 2778 den
642 2744 770 2778 fratres
788 2744 874 2779 freie
893 2743 1080 2778 Abtswahl
1097 2743 1265 2777 zustehen
1283 2743 1370 2777 solle
1388 2742 1482 2787 (Lae.
1504 2742 1531 2776 1.
1553 2743 1623 2787 ΤΟ).

210 2804 246 2848 3)
272 2803 355 2847 Vgl.
382 2802 439 2837 die
457 2803 595 2846 gleiche
614 2803 865 2846 Bestimmung
890 2803 929 2837 in
956 2802 1017 2836 der
1034 2801 1379 2846 Stiftungsurkunde
1405 2800 1496 2836 Graf
1509 2801 1625 2836 Walt-

70 2861 167 2897 berts
192 2861 249 2896 fiir
274 2861 546 2897 Wildeshausen
572 2861 670 2903 (Erh.
697 2863 784 2906 Reg.
810 2862 900 2903 441;
926 2861 1121 2896 Wilmans:
1146 2861 1351 2896 Kaiserurk.
1378 2860 1407 2895 Ι.
1433 2861 1528 2905 533).

211 2921 247 2966 4)
274 2921 340 2956 Die
366 2921 517 2956 unechte
543 2920 713 2955 Urkunde
739 2921 844 2955 Karls
870 2920 965 2965 (Lac.
992 2921 1020 2955 Ι.
1047 2920 1106 2964 ⁶26)
1132 2920 1198 2955 liat
1222 2919 1297 2955 dies
1323 2920 1433 2954 nicht.
