1801 3213
432 141 614 183 Weitere
645 141 920 183 Nachrichten
953 141 1049 182 iiber
1081 139 1271 193 Liudger.
1545 137 1631 179 295

222 258 288 293 His
313 259 536 303 acquiescens
561 258 709 292 monitis
735 258 899 301 egregius
934 255 1117 301 Ludgerus
1149 256 1244 290 omni
1270 254 1435 289 adhibita
1460 254 1631 288 sollicitu-

80 318 163 353 dine
189 327 333 361 agrum‚
371 317 408 351 in
435 327 503 361 quo
530 316 718 350 thesaurus
744 315 807 350 ille
837 317 915 349 erat
952 314 1197 355 absconditus,
1235 313 1364 348 excolit
1398 323 1459 357 pro
1485 312 1630 354 viribus,

79 376 210 411 similis
241 376 377 410 homini
402 374 529 409 bonam
558 375 791 418 margaritam
819 375 1004 419 quaerenti
1027 373 1220 408 studiosius
1234 374 1256 407 ¹.
1305 372 1353 406 Et
1379 373 1540 416 quamvis
1565 373 1631 406 mi-

81 436 187 476 nime,
214 434 306 480 quod
332 433 568 475 desiderabat,
596 434 734 468 valeret
759 434 963 474 invenire,
990 436 1144 467 moestus
1167 431 1304 476 oppido,
1332 435 1479 465 tamen
1507 431 1631 465 intra

82 495 278 540 spatium
304 495 414 535 loci,
449 504 533 538 quo
559 492 787 537 putabatur
812 492 1006 532 contineri,
1041 492 1198 536 coepit
1223 490 1407 525 basilicam
1434 489 1631 524 aedificare.

81 554 146 589 Sed
172 554 262 589 bono
289 554 364 588 viro
390 552 484 587 bona
518 552 705 598 quaerenti
739 563 808 586 non
847 551 963 586 defuit
996 551 1242 585 manifestatio
1277 550 1451 584 bonitatis
1476 549 1632 583 Domini.

81 613 205 648 Visum
231 613 382 657 denique
409 615 464 646 est
490 613 533 646 in
571 611 759 652 somnis,
796 611 1057 646 sanctissimum
1091 609 1227 645 Christi
1261 608 1476 643 sacerdotem
1503 608 1632 642 Lebui·

80 682 162 706 num
188 683 303 707 secum
330 672 427 717 loqui
453 674 491 706 et
516 671 570 705 sui
604 670 770 714 detegere
795 670 908 704 locum
934 670 1082 715 sepulcri
1109 680 1214 714 seque
1243 669 1296 703 ita
1322 668 1444 703 affari:
1483 666 1632 709 ‚Lauda-

79 730 173 773 bile‘‚
200 732 332 777 inquit,
360 742 410 773 ‚ac
438 731 510 764 Deo
536 730 708 775 placitum
736 733 835 764 tuum
868 729 1019 774 approbo
1047 728 1215 769 studium,
1250 729 1298 762 mi
1331 728 1478 762 frater
1512 738 1633 762 aman—

80 791 258 826 tissime
297 790 522 834 Ludgere,
561 789 652 834 quod
679 789 723 823 ad
758 790 925 823 honorem
959 788 1113 823 nominis
1147 788 1214 822 Dei
1240 787 1413 832 templum
1449 788 1522 821 iam
1548 786 1632 821 olim

80 849 237 884 dirutum
264 851 400 885 conaris
427 851 612 884 restruere.
663 848 743 882 Mei
771 859 851 883 vero
870 847 1025 882 membra
1052 847 1296 892 corpusculi
1322 847 1474 890 reperies
1498 847 1633 880 remoto

79 908 144 943 hoo
170 920 296 954 quem
336 909 454 953 erigis
483 909 667 953 pariete
699 908 928 943 australi‘.
978 908 1027 942 At
1061 919 1180 942 servus
1214 906 1359 941 Domini
1388 905 1633 949 Ludgerus

79 968 132 1002 nil
159 967 320 1002 hesitans
347 967 388 1002 dc
416 968 561 1007 visione.
589 969 788 1011 aggregata
822 967 905 1000 cleri
932 965 1114 1011 plebisque
1149 966 1301 1010 plurima
1327 965 1501 1006 concione,
1527 966 1634 1008 atque

78 1026 225 1061 subruto
251 1037 352 1072 quem
373 1026 534 1070 erigebat
551 1027 699 1071 pariete,
727 1027 768 1060 in
796 1027 892 1060 loco
918 1025 1009 1060 sibi
1035 1027 1271 1070 praeostenso,
1299 1023 1390 1069 quod
1408 1021 1635 1058 desiderabat

78 1097 115 1121 se
140 1087 285 1130 gavisus
310 1089 365 1121 est
390 1086 612 1121 invenisse.
663 1085 794 1120 Oblata
813 1086 936 1130 itaque
961 1085 1047 1124 Deo,
1074 1088 1115 1119 ut
1141 1084 1287 1128 dignum
1315 1085 1403 1123 erat,
1429 1084 1464 1117 in
1491 1082 1634 1127 hymnis

78 1148 116 1180 et
140 1145 285 1190 psalmis
312 1146 510 1190 gratiarum
529 1145 680 1186 actione,
699 1144 847 1178 dilatari
872 1143 959 1178 fecit
985 1145 1138 1188 spatium
1159 1143 1311 1178 aedificii
1330 1143 1439 1183 illius,
1459 1144 1634 1187 quatenus

77 1203 169 1239 inibi
195 1203 419 1239 clauderetur
445 1204 632 1238 thesaurus
658 1214 678 1238 a
705 1214 741 1237 se
767 1203 919 1237 Domino
944 1203 1125 1237 revelante
1152 1205 1310 1247 repertus
1338 1230 1345 1237 .
1375 1231 1380 1236 .
1410 1231 1415 1236 .

221 1277 260 1318 3.
325 1276 589 1318 Gerhards
635 1276 747 1318 vita
788 1288 818 1317 s.
863 1274 1144 1317 Oudalrici
1188 1274 1425 1328 episcopi
1466 1275 1635 1328 Augu-

77 1347 239 1388 stensi
253 1359 271 1388 s
293 1359 326 1388 c.
353 1347 407 1388 28
427 1348 460 1388 2:
493 1346 711 1388 Heinricus
731 1379 739 1387 .
761 1380 769 1387 .
789 1347 997 1399 episcopus
1015 1346 1030 1370 3
1048 1346 1097 1387 ad
1117 1345 1362 1396 Wirdinam,
1381 1346 1448 1387 ubi
1472 1346 1634 1387 sanctus

76 1417 294 1470 requiescit
326 1418 559 1471 Liutgerus,
592 1417 732 1459 abbati
764 1416 816 1458 ad
854 1417 1161 1459 custodiendum
1194 1416 1496 1459 commendatus
1529 1417 1603 1457 est.

221 1491 261 1529 4.
325 1489 553 1530 Annales
596 1488 1140 1542 Quedlinburgenses:
1187 1488 1316 1529 7814.
1380 1485 1633 1529 Carolus..

77 1559 227 1600 terram
260 1559 458 1600 Saxonum
484 1560 588 1600 inter
621 1559 823 1612 episcopos
856 1559 998 1600 divisit
1029 1560 1070 1600 et
1098 1559 1292 1600 terminos
1315 1558 1508 1611 episcopis
1540 1570 1633 1599 con-

75 1629 235 1679 stituit;
269 1631 309 1670 et
341 1631 478 1671 sancto
511 1630 712 1682 Stephano
744 1630 1031 1683 protomartyri
1062 1630 1104 1670 in
1136 1630 1235 1680 loco,
1275 1629 1345 1682 qui
1377 1628 1526 1670 dicitur
1559 1628 1632 1670 Se-

74 1699 298 1754 liganstedi
317 1701 347 1751 5,
378 1701 666 1742 monasterium
690 1700 927 1750 construxit,
960 1699 1066 1752 quod
1094 1701 1230 1753 postea
1263 1700 1302 1740 in
1336 1699 1466 1741 locum
1499 1700 1633 1740 trans-

74 1770 206 1811 latum
239 1772 312 1822 est,
335 1771 416 1824 .qui
439 1771 588 1812 dicitur
610 1770 893 1820 Halverstede,
927 1771 995 1812 ubi
1025 1783 1130 1812 nunc
1162 1772 1223 1812 est
1245 1771 1359 1813 sedes
1382 1770 1631 1823 episcopalis.

75 1840 202 1894 quue
234 1841 286 1882 ad
326 1842 611 1896 corrigendum
660 1843 699 1883 et·
736 1841 1041 1895 propagandum
1091 1840 1405 1883 Cathalaunensi
1451 1842 1634 1894 episcopo

76 1911 356 1966 Hildegrimo‚
391 1913 458 1966 qui
490 1913 617 1954 frater
649 1915 736 1955 erat
769 1913 876 1955 beati
910 1912 1104 1966 Liudgeri
1138 1912 1398 1962 confessoris,
1432 1924 1633 1953 commen-

75 1981 203 2024 davit.

220 2054 349 2095 809⁶.
414 2054 620 2107 Depositio
652 2055 782 2096 sancti
816 2054 1010 2108 Liudgeri
1044 2054 1219 2107 episcopi
1252 2054 1292 2095 et
1324 2054 1574 2095 confessoris.

215 2138 254 2178 ἴ).
318 2136 619 2178 Thietmars
663 2136 890 2178 Chronik
934 2137 1004 2178 IV.
1037 2139 1094 2178 45
1113 2138 1150 2178 ⁷:
1215 2137 1299 2179 Nec
1331 2138 1488 2178 taceam
1526 2137 1633 2178 Mer-

74 2206 219 2259 quardi
252 2207 446 2249 visionem
480 2208 696 2249 confratris
738 2208 865 2249 nostri
884 2208 912 2248 ⁸.
976 2208 1076 2258 Hic,
1125 2209 1170 2248 ut
1210 2207 1295 2260 ipse
1335 2207 1436 2248 mihi
1468 2219 1633 2261 gemens

73 2277 229 2328 retulit,
263 2277 408 2319 ductus
440 2280 502 2319 est
524 2278 565 2318 in
598 2278 843 2320 cimiterium
872 2291 1096 2327 commune,
1130 2278 1198 2319 nbi
1221 2277 1478 2330 sepulchrum
1511 2278 1634 2320 nimis

72 2347 281 2390 incensum
316 2348 421 2390 vidit
452 2350 493 2390 et
523 2361 546 2389 a
580 2348 744 2390 ductore
776 2361 846 2390 suo
879 2349 935 2391 sic
968 2349 1168 2391 allocutus
1200 2350 1284 2390 est:
1339 2349 1399 2399 ‚In
1433 2349 1536 2390 hanc
1567 2361 1634 2390 ar-

72 2418 234 2460 dentem
257 2420 303 2460 tu
326 2418 447 2460 debes
480 2419 559 2461 cito
591 2419 713 2472 proici
745 2420 916 2470 foveam,
951 2421 991 2461 et
1013 2419 1212 2461 Rodulfus
1245 2421 1285 2461 te
1308 2420 1419 2472 sequi
1453 2419 1628 2470 deberet,

214 2596 249 2638 1)
274 2594 407 2629 Matth.
436 2596 490 2635 13,
516 2595 573 2629 45.
604 2615 646 2619 —
674 2596 709 2640 2)
736 2595 794 2629 SS.
822 2595 885 2630 IV.
910 2595 991 2629 417.
1031 2615 1072 2619 —
1112 2595 1148 2640 3)
1175 2594 1322 2629 Bischos
1347 2605 1414 2628 von
1439 2594 1631 2639 Augsburg

70 2652 268 2707 973—982.
306 2674 348 2678 —
384 2655 420 2699 4)
446 2653 507 2690 SS.
533 2653 602 2689 ΠΙ.
629 2654 685 2688 38.
726 2674 769 2678 ——
808 2655 843 2699 5)
869 2653 1126 2696 Seligenstadt‚
1154 2654 1247 2688 bloss
1273 2653 1327 2688 bis
1354 2655 1410 2688 ins
1437 2654 1499 2688 XI.
1528 2653 1635 2688 Jahr—

69 2710 228 2754 hundert
254 2712 468 2747 urkundlich
500 2712 763 2754 nachweisbar;
799 2723 835 2747 es
862 2714 910 2747 ist
942 2712 1115 2756 fraglich,
1152 2712 1194 2747 ob
1221 2724 1257 2747 es
1288 2712 1466 2747 identisch
1493 2714 1543 2748 ist
1568 2714 1636 2747 mit

69 2768 265 2805 Osterwick
292 2781 336 2805 an
363 2771 424 2806 der
450 2771 541 2813 nse,
576 2772 641 2806 wie
667 2771 822 2806 vielfach
847 2771 1046 2816 behauptet
1081 2771 1232 2806 worden.
1261 2791 1303 2796 —
1330 2774 1366 2816 ⁴5)
1393 2772 1453 2806 SS.
1479 2771 1547 2806 III.
1573 2772 1636 2806 41.

70 2847 115 2853 —
142 2829 177 2874 7)
203 2829 263 2865 SS.
291 2830 358 2865 III.
389 2830 476 2872 787;
502 2841 578 2864 zum
607 2829 716 2865 Jahre
744 2832 834 2865 1000
860 2830 987 2872 bringt
1017 2829 1112 2864 diese
1130 2830 1335 2874 Erziihlung
1361 2830 1447 2864 auch
1469 2829 1530 2864 der
1556 2840 1630 2873 sog.

68 2888 250 2922 annalista
277 2889 366 2923 Saxo
393 2889 452 2925 SS.
474 2889 534 2924 VI.
562 2890 640 2924 645.
669 2909 710 2914 ——
738 2890 774 2933 8)
802 2890 855 2923 Im
883 2889 1026 2923 Klostcr
1051 2888 1230 2930 Walbeck,
1258 2889 1384 2923 unfern
1412 2888 1625 2923 Helmstadt
