1801 3213
122 182 126 185 -
144 151 230 194 288

144 280 247 324 plin
256 290 277 314 a
286 290 338 321 m,
389 269 626 322 scripsitque
687 269 745 311 ibi
797 282 889 311 san-

147 340 254 381 ctam
275 340 461 394 regulam
486 340 596 381 beati
614 340 827 382 Benedicti
850 341 890 382 et

146 422 282 452 secum
315 410 476 452 detulit.
524 421 669 456 Etenim
692 433 714 466 p
723 432 743 456 a
753 424 793 456 te
803 433 819 456 1·
845 422 887 455 il-

145 491 216 526 lius
241 503 275 526 m
287 503 305 526 0
316 504 339 526 n
348 503 368 527 a
379 504 393 526 s
404 494 420 527 t
432 503 449 527 e
459 492 521 526 rii
547 483 707 523 nomine
738 481 888 523 Thiod-

145 564 282 594 mal‘US
314 573 482 607 genere
516 563 573 597 illi
608 563 771 607 propin
784 573 889 607 quus

145 623 263 663 erat,
290 633 384 656 cum
410 632 478 667 quo
504 633 538 656 111
551 622 678 656 ansit
703 622 756 656 ibi
782 621 889 656 duos

145 690 197 714 an
210 691 273 715 nos
285 682 308 715 1.
357 680 446 715 Inde
458 689 475 706 a
500 692 581 716 vero
608 681 749 716 domuin
774 691 889 715 rever-

145 762 203 785 sus
228 752 265 786 in
291 751 431 796 prefata
463 751 664 787 hereditate
704 754 797 783 Cum
837 740 890 781 li-

146 811 281 853 centia
333 812 373 853 et
419 812 699 854 benedictione
747 812 888 853 beatae

145 883 363 924 memoriae
385 882 646 924 Hildibaldic
678 882 889 924 Colonien-

146 953 202 995 sis
248 953 542 1007 archiepiscopi
587 953 804 995 oratorium
837 963 889 998 ibi

145 1010 402 1077 construxite,
454 1024 558 1078 quod
614 1026 700 1078 ipse
750 1025 889 1077 postea

145 1095 355 1136 ordinatus
396 1095 602 1148 episcopus
650 1108 741 1137 cum
783 1095 888 1136 eius-

146 1165 239 1215 dem
270 1166 399 1219 patris
430 1165 693 1218 permissione
726 1166 887 1208 dedica-

144 1237 206 1279 vit
246 1248 284 1281 in
310 1246 440 1281 honore
476 1248 591 1282 sancti
627 1248 825 1283 Salvatoris
851 1249 888 1282 et

143 1305 381 1351 predictarum
412 1306 643 1351 reliquiarum
677 1307 888 1352 dotavitque

144 1364 293 1400 eandem
317 1366 521 1401 aecclesiam
549 1377 626 1400 cum
659 1366 801 1411 prefata
827 1366 887 1400 he-

142 1436 299 1472 reditate
324 1437 484 1482 propria,
514 1426 678 1480 inSUpffl'
729 1427 887 1469 adiecto

146 1496 410 1550 patrimoni03
452 1497 566 1540 salva
597 1498 887 1551 perpetualiter

145 1567 302 1609 ratione
352 1569 556 1622 presenti,
620 1569 665 1610 ut
718 1569 886 1622 paterna

146 1639 279 1681 sancti
309 1639 388 1681 viri
429 1640 470 1681 et
510 1640 741 1693 comparata
772 1640 886 1682 here-

147 1709 256 1751 ditas
307 1710 358 1752 ad
405 1711 608 1763 predictas
655 1711 886 1753 sanctorum

144 1780 337 1833 reliquias
358 1781 512 1823 tradita
535 1795 627 1824 cum
648 1783 730 1823 suis
759 1782 886 1823 omni-

144 1851 219 1893 bus
266 1852 307 1893 et
352 1852 569 1895 aecclesiae
624 1852 887 1895 incrementis

145 1922 189 1963 in
220 1921 479 1965 elemosinam
511 1923 638 1977 ipsius
679 1924 719 1965 et
750 1936 886 1977 prece-

145 1992 330 2034 dentium
350 1994 664 2047 propinquorum
695 1994 807 2036 illius
838 2007 885 2037 ac

144 2064 476 2117 subsequentium
523 2078 615 2119 sepe
652 2065 884 2107 nominatae

144 2134 362 2177 aecclesiae
402 2136 622 2178 cultoribus
658 2137 812 2178 victum
845 2137 886 2178 et

144 2206 338 2247 vestitum
380 2206 654 2259 ministraret,
696 2207 885 2261 quatinus

143 2275 186 2317 in
218 2277 355 2318 eodem
387 2277 472 2320 loco
492 2291 563 2331 pro
593 2278 678 2320 illis
710 2278 904 2337 Domino·

142 2347 296 2402 iugiter
326 2349 599 2402 supplicantes
641 2349 689 2391 de
720 2349 885 2391 illorum

143 2418 371 2460 hereditate
412 2420 647 2461 continuum
688 2420 886 2462 haberent

144 2490 449 2532 sustentationis
470 2491 778 2532 nutrimentum.
807 2490 884 2532 Cu-

145 2559 236 2602 iuss
275 2561 406 2603 sancti
445 2561 524 2603 viri
563 2562 789 2616 exemplum
823 2575 885 2604 se-

827 152 1018 207 Anhang.

1255 681 1395 717 Deinde
1421 682 1561 718 domum
1587 694 1705 719 rever-

961 751 1040 782 sus,
1079 740 1161 775 dum
1195 741 1377 776 ecclesiam
1410 742 1449 777 in
1483 743 1557 777 loco
1583 742 1704 778 eodem

961 813 1007 843 ex
1039 800 1207 843 consilio
1239 802 1279 843 et
1310 802 1478 845 licentia
1498 803 1609 846 beati
1639 816 1704 846 ar-

962 871 1228 926 ehieplSCOPib
1259 872 1519 915 Hlldlbald1⁰
1550 885 1706 929 erigeret

959 942 1168 996 ipsamque
1181 943 1198 969 ἃ
1218 944 1473 997 postmodum
1504 945 1589 999 ipse
1610 958 1704 989 con-

960 1014 1158 1065 secraret,
1202 1027 1246 1056 eo
1287 1015 1392 1068 quod
1423 1016 1604 1069 provisor
1633 1029 1706 1059 no-

960 1086 1042 1126 ster
1083 1085 1216 1127 factus
1256 1086 1336 1127 fuit
1369 1086 1597 1141 episcopm,
1629 1100 1704 1133 tra-

960 1154 1055 1189 didit
1088 1166 1227 1190 omnem
1252 1155 1490 1191 hereditatem
1525 1167 1624 1192 suam
1657 1156 1704 1192 ad

959 1227 1167 1261 memoriam
1199 1215 1326 1269 ipsius
1357 1217 1506 1259 cruoris
1537 1216 1705 1260 Domini

960 1287 997 1320 et
1023 1285 1255 1331 reliquiarum
1286 1286 1559 1331 praedictarum.

286 2697 303 2714 2
329 2689 407 2725 .III.
434 2701 466 2725 a.
494 2690 541 2725 R.
566 2690 612 2725 A.
653 2710 696 2715 ——
733 2689 751 2716 b
783 2689 936 2734 episcopi
962 2689 1043 2725 Sch.
1082 2709 1124 2714 —
1163 2696 1177 2715 0
1214 2687 1423 2724 Hildebaldi
1459 2688 1510 2724 H.
1537 2687 1616 2726 Sch.
1653 2707 1699 2714 --

143 2747 162 2773 d
187 2758 334 2793 eamque
360 2748 443 2786 Sch.
469 2769 512 2773 —
538 2757 554 2775 e
579 2750 756 2785 construit
780 2749 832 2785 H.
860 2769 904 2774 ——
929 2749 944 2775 f
967 2749 1066 2784 .1111.
1093 2760 1126 2784 a.
1153 2748 1201 2784 R.
1226 2749 1272 2784 A.

286 2902 321 2946 1)
348 2902 434 2937 vita
459 2902 508 2937 11.
535 2913 563 2938 c.
592 2903 645 2938 14.

1792 586 1801 621 1
