<?xml version="1.0" encoding="UTF-8"?>
<!DOCTYPE html PUBLIC "-//W3C//DTD XHTML 1.0 Transitional//EN"
    "http://www.w3.org/TR/xhtml1/DTD/xhtml1-transitional.dtd">
<html xmlns="http://www.w3.org/1999/xhtml" xml:lang="en" lang="en">
 <head>
  <title>
</title>
<meta http-equiv="Content-Type" content="text/html;charset=utf-8" />
  <meta name='ocr-system' content='tesseract 3.04.00' />
  <meta name='ocr-capabilities' content='ocr_page ocr_carea ocr_par ocr_line ocrx_word'/>
</head>
<body>
  <div class='ocr_page' id='page_1' title='image "./dievitaesanctili00altfuoft_0262.png"; bbox 0 0 1864 3213; ppageno 0'>
   <div class='ocr_carea' id='block_1_1' title="bbox 239 163 1384 218">
    <p class='ocr_par' dir='ltr' id='par_1_1' title="bbox 239 163 1384 218">
     <span class='ocr_line' id='line_1_1' title="bbox 239 163 1384 218; baseline -0.002 -11"><span class='ocrx_word' id='word_1_1' title='bbox 239 165 323 207; x_wconf 83' lang='lat'>136</span> <span class='ocrx_word' id='word_1_2' title='bbox 639 164 735 205; x_wconf 88' lang='lat' dir='ltr'>Vita</span> <span class='ocrx_word' id='word_1_3' title='bbox 766 163 915 218; x_wconf 81' lang='lat' dir='ltr'>rythm.</span> <span class='ocrx_word' id='word_1_4' title='bbox 950 176 980 204; x_wconf 85' lang='lat' dir='ltr'>s.</span> <span class='ocrx_word' id='word_1_5' title='bbox 1014 163 1209 217; x_wconf 83' lang='lat' dir='ltr'>Liudgeri</span> <span class='ocrx_word' id='word_1_6' title='bbox 1250 163 1319 204; x_wconf 90' lang='lat' dir='ltr'>let.</span> <span class='ocrx_word' id='word_1_7' title='bbox 1353 163 1384 205; x_wconf 91' lang='lat' dir='ltr'>I.</span> 
     </span>
    </p>
   </div>
   <div class='ocr_carea' id='block_1_2' title="bbox 236 280 1788 475">
    <p class='ocr_par' dir='ltr' id='par_1_2' title="bbox 236 280 1788 475">
     <span class='ocr_line' id='line_1_2' title="bbox 237 280 1788 334; baseline 0.001 -12"><span class='ocrx_word' id='word_1_8' title='bbox 237 281 322 334; x_wconf 87' lang='lat' dir='ltr'>ipse</span> <span class='ocrx_word' id='word_1_9' title='bbox 354 281 567 323; x_wconf 87' lang='lat' dir='ltr'>miseretur</span> <span class='ocrx_word' id='word_1_10' title='bbox 597 282 643 322; x_wconf 87' lang='lat' dir='ltr'>ut</span> <span class='ocrx_word' id='word_1_11' title='bbox 674 281 860 330; x_wconf 79' lang='lat' dir='ltr'>velimus,</span> <span class='ocrx_word' id='word_1_12' title='bbox 893 281 1088 333; x_wconf 84' lang='lat' dir='ltr'>quantun]</span> <span class='ocrx_word' id='word_1_13' title='bbox 1121 281 1206 333; x_wconf 88' lang='lat' dir='ltr'>ipse</span> <span class='ocrx_word' id='word_1_14' title='bbox 1238 280 1405 322; x_wconf 82' lang='lat' dir='ltr'>adiuvat</span> <span class='ocrx_word' id='word_1_15' title='bbox 1435 281 1480 322; x_wconf 89' lang='lat' dir='ltr'>ut</span> <span class='ocrx_word' id='word_1_16' title='bbox 1501 281 1712 334; x_wconf 88' lang='lat' dir='ltr'>possimus,</span> <span class='ocrx_word' id='word_1_17' title='bbox 1743 281 1788 323; x_wconf 88' lang='lat' dir='ltr'>in</span> 
     </span>
     <span class='ocr_line' id='line_1_3' title="bbox 238 350 1788 406; baseline 0 -13"><span class='ocrx_word' id='word_1_18' title='bbox 238 352 440 406; x_wconf 84' lang='lat' dir='ltr'>Liudgero</span> <span class='ocrx_word' id='word_1_19' title='bbox 473 352 724 405; x_wconf 81' lang='lat' dir='ltr'>predicemus</span> <span class='ocrx_word' id='word_1_20' title='bbox 771 353 811 392; x_wconf 87' lang='lat' dir='ltr'>et</span> <span class='ocrx_word' id='word_1_21' title='bbox 857 351 899 392; x_wconf 89' lang='lat' dir='ltr'>in</span> <span class='ocrx_word' id='word_1_22' title='bbox 933 350 1092 393; x_wconf 88' lang='lat' dir='ltr'>Christo</span> <span class='ocrx_word' id='word_1_23' title='bbox 1141 351 1314 393; x_wconf 87' lang='lat' dir='ltr'>Domino</span> <span class='ocrx_word' id='word_1_24' title='bbox 1358 351 1490 405; x_wconf 88' lang='lat' dir='ltr'>ipsum</span> <span class='ocrx_word' id='word_1_25' title='bbox 1537 352 1788 406; x_wconf 81' lang='lat' dir='ltr'>Liudgerum</span> 
     </span>
     <span class='ocr_line' id='line_1_4' title="bbox 236 421 1786 475; baseline 0 -11"><span class='ocrx_word' id='word_1_26' title='bbox 236 423 501 464; x_wconf 82' lang='lat' dir='ltr'>confessorem</span> <span class='ocrx_word' id='word_1_27' title='bbox 535 422 619 463; x_wconf 86' lang='lat' dir='ltr'>eius</span> <span class='ocrx_word' id='word_1_28' title='bbox 651 421 861 475; x_wconf 82' lang='lat' dir='ltr'>egregium</span> <span class='ocrx_word' id='word_1_29' title='bbox 894 422 1132 463; x_wconf 82' lang='lat' dir='ltr'>venerantes</span> <span class='ocrx_word' id='word_1_30' title='bbox 1164 435 1269 463; x_wconf 84' lang='lat' dir='ltr'>nuno</span> <span class='ocrx_word' id='word_1_31' title='bbox 1302 423 1342 463; x_wconf 89' lang='lat' dir='ltr'>et</span> <span class='ocrx_word' id='word_1_32' title='bbox 1364 435 1520 475; x_wconf 82' lang='lat' dir='ltr'>semper</span> <span class='ocrx_word' id='word_1_33' title='bbox 1543 435 1786 473; x_wconf 80' lang='lat' dir='ltr'>resonemus,</span> 
     </span>
    </p>
   </div>
   <div class='ocr_carea' id='block_1_3' title="bbox 237 492 1855 547">
    <p class='ocr_par' dir='ltr' id='par_1_3' title="bbox 237 492 1855 547">
     <span class='ocr_line' id='line_1_5' title="bbox 237 492 1855 547; baseline 0.001 -14"><span class='ocrx_word' id='word_1_34' title='bbox 237 493 537 534; x_wconf 81' lang='lat' dir='ltr'>veneracionem</span> <span class='ocrx_word' id='word_1_35' title='bbox 572 505 723 545; x_wconf 87' lang='lat' dir='ltr'>quoque</span> <span class='ocrx_word' id='word_1_36' title='bbox 765 493 894 545; x_wconf 84' lang='lat' dir='ltr'>ipsam</span> <span class='ocrx_word' id='word_1_37' title='bbox 926 505 1004 534; x_wconf 90' lang='lat' dir='ltr'>non</span> <span class='ocrx_word' id='word_1_38' title='bbox 1043 492 1208 543; x_wconf 88' lang='lat' dir='ltr'>librum,</span> <span class='ocrx_word' id='word_1_39' title='bbox 1250 493 1320 535; x_wconf 86' lang='lat' dir='ltr'>sed</span> <span class='ocrx_word' id='word_1_40' title='bbox 1351 493 1546 535; x_wconf 85' lang='lat' dir='ltr'>letaniam</span> <span class='ocrx_word' id='word_1_41' title='bbox 1578 506 1695 547; x_wconf 87' lang='lat' dir='ltr'>super</span> <span class='ocrx_word' id='word_1_42' title='bbox 1728 496 1788 535; x_wconf 90' lang='lat' dir='ltr'>vi·</span> <span class='ocrx_word' id='word_1_43' title='bbox 1852 508 1855 509; x_wconf 46' lang='lat'><em>⁷</em></span> 
     </span>
    </p>
   </div>
   <div class='ocr_carea' id='block_1_4' title="bbox 235 563 1241 606">
    <p class='ocr_par' dir='ltr' id='par_1_4' title="bbox 235 563 1241 606">
     <span class='ocr_line' id='line_1_6' title="bbox 235 563 1241 606; baseline 0 -1"><span class='ocrx_word' id='word_1_44' title='bbox 235 564 322 605; x_wconf 85' lang='lat' dir='ltr'>tam</span> <span class='ocrx_word' id='word_1_45' title='bbox 354 564 581 606; x_wconf 74' lang='lat' dir='ltr'>beatissimi</span> <span class='ocrx_word' id='word_1_46' title='bbox 613 564 689 605; x_wconf 91' lang='lat' dir='ltr'>viri</span> <span class='ocrx_word' id='word_1_47' title='bbox 720 564 793 605; x_wconf 89' lang='grc'>1100</span> <span class='ocrx_word' id='word_1_48' title='bbox 825 563 941 605; x_wconf 89' lang='lat' dir='ltr'>modo</span> <span class='ocrx_word' id='word_1_49' title='bbox 973 563 1241 605; x_wconf 88' lang='lat' dir='ltr'>intitulemus.</span> 
     </span>
    </p>
   </div>
   <div class='ocr_carea' id='block_1_5' title="bbox 260 673 1786 2082">
    <p class='ocr_par' dir='ltr' id='par_1_5' title="bbox 260 673 1786 2082">
     <span class='ocr_line' id='line_1_7' title="bbox 309 673 1714 718; baseline 0.001 -10"><span class='ocrx_word' id='word_1_50' title='bbox 309 674 480 718; x_wconf 79' lang='lat' dir='ltr'>Incipit</span> <span class='ocrx_word' id='word_1_51' title='bbox 521 683 658 717; x_wconf 85' lang='lat' dir='ltr'>super</span> <span class='ocrx_word' id='word_1_52' title='bbox 689 674 830 709; x_wconf 87' lang='lat' dir='ltr'>vitam</span> <span class='ocrx_word' id='word_1_53' title='bbox 861 674 1009 710; x_wconf 82' lang='lat' dir='ltr'>saneti</span> <span class='ocrx_word' id='word_1_54' title='bbox 1038 674 1257 718; x_wconf 83' lang='lat' dir='ltr'>Liudgeri</span> <span class='ocrx_word' id='word_1_55' title='bbox 1286 674 1460 710; x_wconf 83' lang='lat' dir='ltr'>letania</span> <span class='ocrx_word' id='word_1_56' title='bbox 1489 673 1637 718; x_wconf 84' lang='lat' dir='ltr'>prima</span> <span class='ocrx_word' id='word_1_57' title='bbox 1667 676 1714 709; x_wconf 83' lang='lat' dir='ltr'>et</span> 
     </span>
     <span class='ocr_line' id='line_1_8' title="bbox 773 745 1241 781; baseline 0 -1"><span class='ocrx_word' id='word_1_58' title='bbox 773 747 976 781; x_wconf 81' lang='lat' dir='ltr'>secunda</span> <span class='ocrx_word' id='word_1_59' title='bbox 1008 747 1054 781; x_wconf 87' lang='lat' dir='ltr'>et</span> <span class='ocrx_word' id='word_1_60' title='bbox 1085 745 1241 781; x_wconf 80' lang='lat' dir='ltr'>tercia.</span> 
     </span>
     <span class='ocr_line' id='line_1_9' title="bbox 399 822 1226 878; baseline 0.001 -14"><span class='ocrx_word' id='word_1_61' title='bbox 399 822 539 864; x_wconf 83' lang='lat' dir='ltr'>Gaude</span> <span class='ocrx_word' id='word_1_62' title='bbox 572 824 742 865; x_wconf 82' lang='lat' dir='ltr'>ecelesia</span> <span class='ocrx_word' id='word_1_63' title='bbox 774 824 822 865; x_wconf 89' lang='lat' dir='ltr'>de</span> <span class='ocrx_word' id='word_1_64' title='bbox 853 824 1050 878; x_wconf 83' lang='lat' dir='ltr'>Liudgeri</span> <span class='ocrx_word' id='word_1_65' title='bbox 1081 824 1226 878; x_wconf 86' lang='lat' dir='ltr'>gloria,</span> 
     </span>
     <span class='ocr_line' id='line_1_10' title="bbox 447 893 1561 950; baseline 0.004 -16"><span class='ocrx_word' id='word_1_66' title='bbox 447 893 547 934; x_wconf 87' lang='lat' dir='ltr'>almi</span> <span class='ocrx_word' id='word_1_67' title='bbox 580 895 813 946; x_wconf 79' lang='lat' dir='ltr'>sacerdotis,</span> <span class='ocrx_word' id='word_1_68' title='bbox 848 908 938 936; x_wconf 86' lang='grc'>01101</span> <span class='ocrx_word' id='word_1_69' title='bbox 973 895 1099 937; x_wconf 85' lang='lat' dir='ltr'>iubilo</span> <span class='ocrx_word' id='word_1_70' title='bbox 1130 896 1259 937; x_wconf 79' lang='lat' dir='ltr'>vocis!</span> <span class='ocrx_word' id='word_1_71' title='bbox 1293 895 1561 950; x_wconf 79' lang='lat' dir='ltr'>Kyrieleison.</span> 
     </span>
     <span class='ocr_line' id='line_1_11' title="bbox 395 964 1305 1020; baseline 0 -14"><span class='ocrx_word' id='word_1_72' title='bbox 395 964 572 1018; x_wconf 83' lang='lat' dir='ltr'>Surgant</span> <span class='ocrx_word' id='word_1_73' title='bbox 603 965 791 1015; x_wconf 86' lang='lat' dir='ltr'>altisona,</span> <span class='ocrx_word' id='word_1_74' title='bbox 825 966 998 1020; x_wconf 82' lang='lat' dir='ltr'>surgant</span> <span class='ocrx_word' id='word_1_75' title='bbox 1030 966 1305 1007; x_wconf 83' lang='lat' dir='ltr'>modulamina</span> 
     </span>
     <span class='ocr_line' id='line_1_12' title="bbox 443 1035 1786 1091; baseline 0.001 -15"><span class='ocrx_word' id='word_1_76' title='bbox 443 1035 494 1076; x_wconf 84' lang='lat' dir='ltr'>ad</span> <span class='ocrx_word' id='word_1_77' title='bbox 518 1036 767 1077; x_wconf 87' lang='lat' dir='ltr'>laudandum</span> <span class='ocrx_word' id='word_1_78' title='bbox 791 1036 1011 1086; x_wconf 73' lang='lat' dir='ltr'>Christum,</span> <span class='ocrx_word' id='word_1_79' title='bbox 1035 1036 1103 1089; x_wconf 88' lang='lat' dir='ltr'>qui</span> <span class='ocrx_word' id='word_1_80' title='bbox 1136 1036 1301 1077; x_wconf 80' lang='lat' dir='ltr'>deduxit</span> <span class='ocrx_word' id='word_1_81' title='bbox 1323 1036 1454 1089; x_wconf 89' lang='lat' dir='ltr'>ipsum</span> <span class='ocrx_word' id='word_1_82' title='bbox 1475 1038 1483 1077; x_wconf 93' lang='lat'>!</span> <span class='ocrx_word' id='word_1_83' title='bbox 1516 1036 1786 1091; x_wconf 85' lang='lat' dir='ltr'>Kyrieleison.</span> 
     </span>
     <span class='ocr_line' id='line_1_13' title="bbox 293 1106 1359 1161; baseline 0.001 -14"><span class='ocrx_word' id='word_1_84' title='bbox 293 1106 331 1148; x_wconf 80' lang='lat'>5.</span> <span class='ocrx_word' id='word_1_85' title='bbox 395 1106 531 1148; x_wconf 88' lang='lat' dir='ltr'>Laude</span> <span class='ocrx_word' id='word_1_86' title='bbox 565 1107 851 1161; x_wconf 83' lang='lat' dir='ltr'>dignissimum</span> <span class='ocrx_word' id='word_1_87' title='bbox 888 1108 962 1149; x_wconf 90' lang='grc'>1100</span> <span class='ocrx_word' id='word_1_88' title='bbox 994 1107 1042 1148; x_wconf 90' lang='lat' dir='ltr'>fit</span> <span class='ocrx_word' id='word_1_89' title='bbox 1073 1107 1311 1149; x_wconf 80' lang='lat' dir='ltr'>natalicium</span> <span class='ocrx_word' id='word_1_90' title='bbox 1331 1109 1359 1158; x_wconf 86' lang='lat'>¹,</span> 
     </span>
     <span class='ocr_line' id='line_1_14' title="bbox 445 1177 1711 1232; baseline -0.001 -13"><span class='ocrx_word' id='word_1_91' title='bbox 445 1190 520 1230; x_wconf 91' lang='lat' dir='ltr'>quo</span> <span class='ocrx_word' id='word_1_92' title='bbox 551 1181 631 1219; x_wconf 88' lang='lat' dir='ltr'>iam</span> <span class='ocrx_word' id='word_1_93' title='bbox 666 1177 723 1219; x_wconf 87' lang='lat' dir='ltr'>sio</span> <span class='ocrx_word' id='word_1_94' title='bbox 755 1179 815 1219; x_wconf 78' lang='lat' dir='ltr'>est</span> <span class='ocrx_word' id='word_1_95' title='bbox 848 1179 981 1228; x_wconf 83' lang='lat' dir='ltr'>natus,</span> <span class='ocrx_word' id='word_1_96' title='bbox 1014 1179 1059 1218; x_wconf 89' lang='lat' dir='ltr'>ut</span> <span class='ocrx_word' id='word_1_97' title='bbox 1090 1190 1168 1219; x_wconf 90' lang='lat' dir='ltr'>non</span> <span class='ocrx_word' id='word_1_98' title='bbox 1201 1177 1408 1218; x_wconf 88' lang='lat' dir='ltr'>moriatur.</span> <span class='ocrx_word' id='word_1_99' title='bbox 1442 1177 1711 1232; x_wconf 82' lang='lat' dir='ltr'>Kyrieleison.</span> 
     </span>
     <span class='ocr_line' id='line_1_15' title="bbox 393 1247 1393 1302; baseline -0.001 -13"><span class='ocrx_word' id='word_1_100' title='bbox 393 1248 500 1289; x_wconf 89' lang='lat' dir='ltr'>Nam</span> <span class='ocrx_word' id='word_1_101' title='bbox 533 1248 628 1289; x_wconf 91' lang='lat' dir='ltr'>dum</span> <span class='ocrx_word' id='word_1_102' title='bbox 661 1249 879 1290; x_wconf 82' lang='lat' dir='ltr'>clarissimi</span> <span class='ocrx_word' id='word_1_103' title='bbox 912 1250 953 1289; x_wconf 89' lang='lat' dir='ltr'>in</span> <span class='ocrx_word' id='word_1_104' title='bbox 985 1250 1199 1302; x_wconf 81' lang='lat' dir='ltr'>conspeetu</span> <span class='ocrx_word' id='word_1_105' title='bbox 1231 1247 1393 1289; x_wconf 88' lang='lat' dir='ltr'>Domini</span> 
     </span>
     <span class='ocr_line' id='line_1_16' title="bbox 443 1319 1583 1374; baseline 0 -14"><span class='ocrx_word' id='word_1_106' title='bbox 443 1319 548 1361; x_wconf 89' lang='lat' dir='ltr'>esset</span> <span class='ocrx_word' id='word_1_107' title='bbox 581 1320 757 1372; x_wconf 85' lang='lat' dir='ltr'>preciosa</span> <span class='ocrx_word' id='word_1_108' title='bbox 791 1332 898 1361; x_wconf 88' lang='lat' dir='ltr'>mors</span> <span class='ocrx_word' id='word_1_109' title='bbox 931 1320 971 1360; x_wconf 93' lang='lat' dir='ltr'>et</span> <span class='ocrx_word' id='word_1_110' title='bbox 1003 1320 1191 1374; x_wconf 84' lang='lat' dir='ltr'>gloriosa,</span> <span class='ocrx_word' id='word_1_111' title='bbox 1227 1345 1279 1348; x_wconf 97' lang='lat'><strong>—</strong></span> <span class='ocrx_word' id='word_1_112' title='bbox 1313 1319 1583 1373; x_wconf 85' lang='lat' dir='ltr'>Kyrieleison,</span> 
     </span>
     <span class='ocr_line' id='line_1_17' title="bbox 395 1390 1332 1445; baseline 0.001 -15"><span class='ocrx_word' id='word_1_113' title='bbox 395 1390 528 1431; x_wconf 85' lang='lat' dir='ltr'>Fulsit</span> <span class='ocrx_word' id='word_1_114' title='bbox 559 1390 627 1431; x_wconf 79' lang='lat' dir='ltr'>lux</span> <span class='ocrx_word' id='word_1_115' title='bbox 660 1391 820 1441; x_wconf 88' lang='lat' dir='ltr'>nobilis,</span> <span class='ocrx_word' id='word_1_116' title='bbox 853 1403 930 1443; x_wconf 88' lang='lat' dir='ltr'>qua</span> <span class='ocrx_word' id='word_1_117' title='bbox 961 1391 1188 1445; x_wconf 80' lang='lat' dir='ltr'>Liudgerus</span> <span class='ocrx_word' id='word_1_118' title='bbox 1220 1390 1332 1440; x_wconf 84' lang='lat' dir='ltr'>obiit,</span> 
     </span>
     <span class='ocr_line' id='line_1_18' title="bbox 264 1461 1652 1515; baseline 0.001 -14"><span class='ocrx_word' id='word_1_119' title='bbox 264 1462 330 1503; x_wconf 80' lang='lat'>10.</span> <span class='ocrx_word' id='word_1_120' title='bbox 442 1461 537 1502; x_wconf 85' lang='lat' dir='ltr'>dum</span> <span class='ocrx_word' id='word_1_121' title='bbox 568 1462 656 1503; x_wconf 85' lang='lat' dir='ltr'>ibat</span> <span class='ocrx_word' id='word_1_122' title='bbox 687 1462 738 1502; x_wconf 86' lang='lat' dir='ltr'>ad</span> <span class='ocrx_word' id='word_1_123' title='bbox 770 1462 901 1503; x_wconf 89' lang='lat' dir='ltr'>Deum</span> <span class='ocrx_word' id='word_1_124' title='bbox 922 1462 956 1503; x_wconf 78' lang='grc'>2;</span> <span class='ocrx_word' id='word_1_125' title='bbox 991 1462 1204 1503; x_wconf 88' lang='lat' dir='ltr'>Imitemur</span> <span class='ocrx_word' id='word_1_126' title='bbox 1238 1463 1350 1502; x_wconf 80' lang='lat' dir='ltr'>eum!</span> <span class='ocrx_word' id='word_1_127' title='bbox 1382 1461 1652 1515; x_wconf 83' lang='lat' dir='ltr'>Kyrieleison.</span> 
     </span>
     <span class='ocr_line' id='line_1_19' title="bbox 393 1530 1289 1585; baseline 0.001 -13"><span class='ocrx_word' id='word_1_128' title='bbox 393 1530 425 1572; x_wconf 89' lang='grc' dir='ltr'><strong>Ο</strong></span> <span class='ocrx_word' id='word_1_129' title='bbox 458 1545 578 1585; x_wconf 81' lang='lat' dir='ltr'>quam</span> <span class='ocrx_word' id='word_1_130' title='bbox 610 1532 792 1582; x_wconf 78' lang='lat' dir='ltr'>mirifice,</span> <span class='ocrx_word' id='word_1_131' title='bbox 827 1533 975 1585; x_wconf 88' lang='lat' dir='ltr'>quanto</span> <span class='ocrx_word' id='word_1_132' title='bbox 1007 1532 1093 1574; x_wconf 82' lang='lat' dir='ltr'>ibat</span> <span class='ocrx_word' id='word_1_133' title='bbox 1125 1533 1289 1582; x_wconf 88' lang='lat' dir='ltr'>lumine,</span> 
     </span>
     <span class='ocr_line' id='line_1_20' title="bbox 443 1602 1784 1657; baseline 0.001 -14"><span class='ocrx_word' id='word_1_134' title='bbox 443 1602 538 1643; x_wconf 85' lang='lat' dir='ltr'>dum</span> <span class='ocrx_word' id='word_1_135' title='bbox 556 1615 630 1644; x_wconf 80' lang='lat' dir='ltr'>nox</span> <span class='ocrx_word' id='word_1_136' title='bbox 647 1603 846 1644; x_wconf 74' lang='lat' dir='ltr'>illuxisset</span> <span class='ocrx_word' id='word_1_137' title='bbox 862 1603 952 1656; x_wconf 87' lang='lat' dir='ltr'>plus</span> <span class='ocrx_word' id='word_1_138' title='bbox 970 1617 1089 1656; x_wconf 86' lang='lat' dir='ltr'>quam</span> <span class='ocrx_word' id='word_1_139' title='bbox 1109 1604 1194 1645; x_wconf 88' lang='lat' dir='ltr'>dies</span> <span class='ocrx_word' id='word_1_140' title='bbox 1213 1605 1339 1645; x_wconf 79' lang='lat' dir='ltr'>esset!</span> <span class='ocrx_word' id='word_1_141' title='bbox 1358 1603 1613 1657; x_wconf 80' lang='lat' dir='ltr'>Kyrieleison</span> <span class='ocrx_word' id='word_1_142' title='bbox 1636 1604 1739 1645; x_wconf 84' lang='lat' dir='ltr'>imas</span> <span class='ocrx_word' id='word_1_143' title='bbox 1755 1604 1784 1645; x_wconf 78' lang='lat'>3.</span> 
     </span>
     <span class='ocr_line' id='line_1_21' title="bbox 392 1672 1329 1726; baseline 0.001 -12"><span class='ocrx_word' id='word_1_144' title='bbox 392 1672 424 1714; x_wconf 93' lang='lat' dir='ltr'>O</span> <span class='ocrx_word' id='word_1_145' title='bbox 456 1673 587 1726; x_wconf 86' lang='lat' dir='ltr'>qualis</span> <span class='ocrx_word' id='word_1_146' title='bbox 621 1674 828 1724; x_wconf 81' lang='lat' dir='ltr'>Dominus,</span> <span class='ocrx_word' id='word_1_147' title='bbox 863 1673 974 1715; x_wconf 88' lang='grc'>0111113</span> <span class='ocrx_word' id='word_1_148' title='bbox 1007 1674 1101 1715; x_wconf 86' lang='lat' dir='ltr'>talis</span> <span class='ocrx_word' id='word_1_149' title='bbox 1134 1674 1329 1723; x_wconf 89' lang='lat' dir='ltr'>servulus,</span> 
     </span>
     <span class='ocr_line' id='line_1_22' title="bbox 440 1744 1784 1799; baseline 0.001 -15"><span class='ocrx_word' id='word_1_150' title='bbox 440 1744 571 1785; x_wconf 79' lang='lat' dir='ltr'>totum</span> <span class='ocrx_word' id='word_1_151' title='bbox 593 1745 790 1785; x_wconf 86' lang='lat' dir='ltr'>mundum</span> <span class='ocrx_word' id='word_1_152' title='bbox 813 1745 968 1787; x_wconf 78' lang='lat' dir='ltr'>clarens</span> <span class='ocrx_word' id='word_1_153' title='bbox 991 1746 1058 1798; x_wconf 89' lang='lat' dir='ltr'>qui</span> <span class='ocrx_word' id='word_1_154' title='bbox 1082 1745 1355 1786; x_wconf 82' lang='lat' dir='ltr'>illuminaret!</span> <span class='ocrx_word' id='word_1_155' title='bbox 1389 1744 1643 1799; x_wconf 80' lang='lat' dir='ltr'>Kyrieleison</span> <span class='ocrx_word' id='word_1_156' title='bbox 1667 1744 1784 1786; x_wconf 87' lang='lat' dir='ltr'>imas.</span> 
     </span>
     <span class='ocr_line' id='line_1_23' title="bbox 260 1814 1227 1869; baseline 0.001 -13"><span class='ocrx_word' id='word_1_157' title='bbox 260 1815 327 1856; x_wconf 78' lang='lat'>15.</span> <span class='ocrx_word' id='word_1_158' title='bbox 392 1814 424 1856; x_wconf 92' lang='lat' dir='ltr'>O</span> <span class='ocrx_word' id='word_1_159' title='bbox 456 1828 575 1868; x_wconf 80' lang='lat' dir='ltr'>quam</span> <span class='ocrx_word' id='word_1_160' title='bbox 609 1815 812 1865; x_wconf 87' lang='lat' dir='ltr'>notabilis,</span> <span class='ocrx_word' id='word_1_161' title='bbox 847 1829 966 1869; x_wconf 83' lang='lat' dir='ltr'>quam</span> <span class='ocrx_word' id='word_1_162' title='bbox 1000 1816 1227 1865; x_wconf 78' lang='lat' dir='ltr'>imitabilis,</span> 
     </span>
     <span class='ocr_line' id='line_1_24' title="bbox 442 1885 1673 1940; baseline 0 -14"><span class='ocrx_word' id='word_1_163' title='bbox 442 1885 519 1926; x_wconf 90' lang='lat' dir='ltr'>iter</span> <span class='ocrx_word' id='word_1_164' title='bbox 551 1886 702 1927; x_wconf 85' lang='lat' dir='ltr'>habens</span> <span class='ocrx_word' id='word_1_165' title='bbox 733 1886 816 1927; x_wconf 86' lang='lat' dir='ltr'>tale</span> <span class='ocrx_word' id='word_1_166' title='bbox 848 1887 887 1927; x_wconf 82' lang='grc'>01</span> <span class='ocrx_word' id='word_1_167' title='bbox 919 1888 1002 1927; x_wconf 83' lang='lat' dir='ltr'>tam</span> <span class='ocrx_word' id='word_1_168' title='bbox 1038 1887 1238 1940; x_wconf 78' lang='lat' dir='ltr'>speciale!</span> <span class='ocrx_word' id='word_1_169' title='bbox 1271 1887 1524 1940; x_wconf 63' lang='lat' dir='ltr'>Kyrieleison</span> <span class='ocrx_word' id='word_1_170' title='bbox 1559 1886 1673 1928; x_wconf 81' lang='lat' dir='ltr'>imas.</span> 
     </span>
     <span class='ocr_line' id='line_1_25' title="bbox 392 1956 1435 2010; baseline 0 -12"><span class='ocrx_word' id='word_1_171' title='bbox 392 1956 425 1998; x_wconf 87' lang='lat' dir='ltr'>O</span> <span class='ocrx_word' id='word_1_172' title='bbox 458 1969 625 2010; x_wconf 88' lang='lat' dir='ltr'>sequens</span> <span class='ocrx_word' id='word_1_173' title='bbox 658 1957 891 2006; x_wconf 88' lang='lat' dir='ltr'>Dominum,</span> <span class='ocrx_word' id='word_1_174' title='bbox 925 1958 991 2010; x_wconf 91' lang='lat' dir='ltr'>qui</span> <span class='ocrx_word' id='word_1_175' title='bbox 1027 1960 1190 1999; x_wconf 80' lang='lat' dir='ltr'>vocatur</span> <span class='ocrx_word' id='word_1_176' title='bbox 1221 1957 1389 1998; x_wconf 73' lang='lat' dir='ltr'>idithun</span> <span class='ocrx_word' id='word_1_177' title='bbox 1406 1958 1435 2007; x_wconf 76' lang='lat'>4,</span> 
     </span>
     <span class='ocr_line' id='line_1_26' title="bbox 441 2027 1785 2082; baseline 0.001 -14"><span class='ocrx_word' id='word_1_178' title='bbox 441 2028 546 2069; x_wconf 81' lang='lat' dir='ltr'>celos</span> <span class='ocrx_word' id='word_1_179' title='bbox 579 2028 646 2080; x_wconf 84' lang='lat' dir='ltr'>qui</span> <span class='ocrx_word' id='word_1_180' title='bbox 679 2028 854 2069; x_wconf 84' lang='lat' dir='ltr'>celorum</span> <span class='ocrx_word' id='word_1_181' title='bbox 877 2029 975 2070; x_wconf 83' lang='lat' dir='ltr'>fecit</span> <span class='ocrx_word' id='word_1_182' title='bbox 1011 2029 1088 2069; x_wconf 87' lang='lat' dir='ltr'>sibi</span> <span class='ocrx_word' id='word_1_183' title='bbox 1111 2029 1299 2070; x_wconf 87' lang='lat' dir='ltr'>thronum</span> <span class='ocrx_word' id='word_1_184' title='bbox 1318 2030 1346 2068; x_wconf 83' lang='lat'>⁵.</span> <span class='ocrx_word' id='word_1_185' title='bbox 1381 2027 1636 2082; x_wconf 80' lang='lat' dir='ltr'>Kyrieleison</span> <span class='ocrx_word' id='word_1_186' title='bbox 1667 2027 1785 2071; x_wconf 85' lang='lat' dir='ltr'>imaS.</span> 
     </span>
    </p>
   </div>
   <div class='ocr_carea' id='block_1_6' title="bbox 370 2131 1663 2175">
    <p class='ocr_par' dir='ltr' id='par_1_6' title="bbox 370 2131 1663 2175">
     <span class='ocr_line' id='line_1_27' title="bbox 370 2131 1663 2175; baseline 0.002 -11"><span class='ocrx_word' id='word_1_187' title='bbox 370 2131 412 2165; x_wconf 92' lang='lat' dir='ltr'>V.</span> <span class='ocrx_word' id='word_1_188' title='bbox 441 2133 531 2167; x_wconf 86' lang='lat'>1—4</span> <span class='ocrx_word' id='word_1_189' title='bbox 556 2134 621 2167; x_wconf 60' lang='lat' dir='ltr'>mit</span> <span class='ocrx_word' id='word_1_190' title='bbox 646 2131 812 2168; x_wconf 71' lang='lat' dir='ltr'>Nezcmen</span> <span class='ocrx_word' id='word_1_191' title='bbox 839 2133 878 2168; x_wconf 84' lang='lat' dir='ltr'>T.</span> <span class='ocrx_word' id='word_1_192' title='bbox 909 2154 951 2157; x_wconf 89' lang='lat'><strong>—</strong></span> <span class='ocrx_word' id='word_1_193' title='bbox 980 2134 1033 2167; x_wconf 66' lang='lat'>14.</span> <span class='ocrx_word' id='word_1_194' title='bbox 1064 2133 1276 2167; x_wconf 66' lang='grc' dir='ltr'>[ἰὴ-10101800</span> <span class='ocrx_word' id='word_1_195' title='bbox 1307 2133 1383 2167; x_wconf 57' lang='lat' dir='ltr'>niul</span> <span class='ocrx_word' id='word_1_196' title='bbox 1408 2144 1446 2167; x_wconf 80' lang='lat' dir='ltr'>so</span> <span class='ocrx_word' id='word_1_197' title='bbox 1471 2133 1597 2175; x_wconf 75' lang='lat' dir='ltr'>fortan</span> <span class='ocrx_word' id='word_1_198' title='bbox 1624 2132 1663 2166; x_wconf 87' lang='lat' dir='ltr'>T.</span> 
     </span>
    </p>
   </div>
   <div class='ocr_carea' id='block_1_7' title="bbox 230 2205 512 2210">
    <p class='ocr_par' dir='ltr' id='par_1_7' title="bbox 230 2205 512 2210">
     <span class='ocr_line' id='line_1_28' title="bbox 230 2205 512 2210; baseline 0 0"><span class='ocrx_word' id='word_1_199' title='bbox 230 2205 512 2210; x_wconf 95' lang='lat' dir='ltr'> </span> 
     </span>
    </p>
   </div>
   <div class='ocr_carea' id='block_1_8' title="bbox 227 2250 1786 2943">
    <p class='ocr_par' dir='ltr' id='par_1_8' title="bbox 380 2250 1704 2295">
     <span class='ocr_line' id='line_1_29' title="bbox 380 2250 1704 2295; baseline 0 -11"><span class='ocrx_word' id='word_1_200' title='bbox 380 2250 414 2295; x_wconf 89' lang='lat'>1)</span> <span class='ocrx_word' id='word_1_201' title='bbox 440 2250 536 2284; x_wconf 71' lang='lat' dir='ltr'>Mz&#39;irz</span> <span class='ocrx_word' id='word_1_202' title='bbox 561 2251 617 2285; x_wconf 72' lang='lat'>26.</span> <span class='ocrx_word' id='word_1_203' title='bbox 645 2270 689 2275; x_wconf 82' lang='lat'>—-</span> <span class='ocrx_word' id='word_1_204' title='bbox 715 2251 750 2294; x_wconf 75' lang='lat'>2)</span> <span class='ocrx_word' id='word_1_205' title='bbox 778 2251 859 2295; x_wconf 85' lang='lat' dir='ltr'>Vgl.</span> <span class='ocrx_word' id='word_1_206' title='bbox 887 2251 971 2285; x_wconf 79' lang='lat' dir='ltr'>Vita</span> <span class='ocrx_word' id='word_1_207' title='bbox 998 2251 1026 2284; x_wconf 82' lang='grc' dir='ltr'>Ι.</span> <span class='ocrx_word' id='word_1_208' title='bbox 1046 2262 1072 2285; x_wconf 88' lang='lat' dir='ltr'>c.</span> <span class='ocrx_word' id='word_1_209' title='bbox 1100 2252 1138 2291; x_wconf 85' lang='lat'>3;</span> <span class='ocrx_word' id='word_1_210' title='bbox 1167 2263 1198 2285; x_wconf 85' lang='lat' dir='ltr'>v.</span> <span class='ocrx_word' id='word_1_211' title='bbox 1226 2251 1272 2285; x_wconf 83' lang='grc' dir='ltr'>ΙΙ.</span> <span class='ocrx_word' id='word_1_212' title='bbox 1300 2262 1327 2285; x_wconf 80' lang='lat' dir='ltr'>c.</span> <span class='ocrx_word' id='word_1_213' title='bbox 1353 2252 1415 2290; x_wconf 82' lang='lat'>33;</span> <span class='ocrx_word' id='word_1_214' title='bbox 1442 2262 1473 2284; x_wconf 89' lang='lat' dir='ltr'>v.</span> <span class='ocrx_word' id='word_1_215' title='bbox 1500 2250 1567 2284; x_wconf 92' lang='lat' dir='ltr'>III.</span> <span class='ocrx_word' id='word_1_216' title='bbox 1594 2260 1622 2284; x_wconf 86' lang='lat' dir='ltr'>c.</span> <span class='ocrx_word' id='word_1_217' title='bbox 1647 2250 1704 2285; x_wconf 80' lang='lat'>42.</span> 
     </span>
    </p>

    <p class='ocr_par' dir='ltr' id='par_1_9' title="bbox 229 2309 1786 2413">
     <span class='ocr_line' id='line_1_30' title="bbox 370 2309 1786 2355; baseline -0.001 -11"><span class='ocrx_word' id='word_1_218' title='bbox 370 2309 406 2354; x_wconf 88' lang='lat'>3)</span> <span class='ocrx_word' id='word_1_219' title='bbox 432 2309 532 2344; x_wconf 84' lang='lat' dir='ltr'>Statt</span> <span class='ocrx_word' id='word_1_220' title='bbox 558 2309 655 2355; x_wconf 74' lang='grc' dir='ltr'><em>ἡμᾶς</em></span> <span class='ocrx_word' id='word_1_221' title='bbox 680 2310 716 2344; x_wconf 89' lang='grc'>111</span> <span class='ocrx_word' id='word_1_222' title='bbox 743 2309 852 2353; x_wconf 84' lang='lat' dir='ltr'>Folge</span> <span class='ocrx_word' id='word_1_223' title='bbox 886 2309 947 2344; x_wconf 88' lang='lat' dir='ltr'>der</span> <span class='ocrx_word' id='word_1_224' title='bbox 973 2310 1020 2343; x_wconf 87' lang='lat' dir='ltr'>im</span> <span class='ocrx_word' id='word_1_225' title='bbox 1053 2310 1270 2344; x_wconf 82' lang='lat' dir='ltr'>Mittelalter</span> <span class='ocrx_word' id='word_1_226' title='bbox 1296 2309 1594 2353; x_wconf 73' lang='lat' dir='ltr'>gebrauehlichen</span> <span class='ocrx_word' id='word_1_227' title='bbox 1621 2310 1786 2343; x_wconf 82' lang='lat' dir='ltr'>constan-</span> 
     </span>
     <span class='ocr_line' id='line_1_31' title="bbox 229 2368 1338 2413; baseline 0 -11"><span class='ocrx_word' id='word_1_228' title='bbox 229 2368 573 2413; x_wconf 82' lang='lat' dir='ltr'>tinopolitanischen</span> <span class='ocrx_word' id='word_1_229' title='bbox 598 2368 817 2413; x_wconf 78' lang='lat' dir='ltr'>Aussprache</span> <span class='ocrx_word' id='word_1_230' title='bbox 843 2369 903 2403; x_wconf 83' lang='lat' dir='ltr'>des</span> <span class='ocrx_word' id='word_1_231' title='bbox 928 2381 950 2412; x_wconf 86' lang='grc' dir='ltr'>η</span> <span class='ocrx_word' id='word_1_232' title='bbox 978 2384 1018 2397; x_wconf 69' lang='grc' dir='ltr'>Ξ</span> <span class='ocrx_word' id='word_1_233' title='bbox 1047 2381 1058 2402; x_wconf 77' lang='grc' dir='ltr'>ι</span> <span class='ocrx_word' id='word_1_234' title='bbox 1085 2369 1338 2413; x_wconf 75' lang='lat' dir='ltr'>(Ithacismus).</span> 
     </span>
    </p>

    <p class='ocr_par' dir='ltr' id='par_1_10' title="bbox 227 2426 1785 2943">
     <span class='ocr_line' id='line_1_32' title="bbox 369 2426 1785 2472; baseline -0.001 -10"><span class='ocrx_word' id='word_1_235' title='bbox 369 2428 406 2472; x_wconf 87' lang='grc'>4)</span> <span class='ocrx_word' id='word_1_236' title='bbox 433 2427 487 2462; x_wconf 81' lang='lat' dir='ltr'>Ist</span> <span class='ocrx_word' id='word_1_237' title='bbox 513 2427 574 2462; x_wconf 87' lang='lat' dir='ltr'>der</span> <span class='ocrx_word' id='word_1_238' title='bbox 599 2428 710 2462; x_wconf 88' lang='lat' dir='ltr'>Name</span> <span class='ocrx_word' id='word_1_239' title='bbox 737 2428 833 2462; x_wconf 84' lang='lat' dir='ltr'>eines</span> <span class='ocrx_word' id='word_1_240' title='bbox 871 2428 932 2462; x_wconf 89' lang='lat' dir='ltr'>der</span> <span class='ocrx_word' id='word_1_241' title='bbox 969 2427 1353 2471; x_wconf 74' lang='lat' dir='ltr'>Musikverstiindigen,</span> <span class='ocrx_word' id='word_1_242' title='bbox 1391 2427 1504 2461; x_wconf 84' lang='lat' dir='ltr'>denen</span> <span class='ocrx_word' id='word_1_243' title='bbox 1543 2426 1599 2460; x_wconf 88' lang='lat' dir='ltr'>die</span> <span class='ocrx_word' id='word_1_244' title='bbox 1625 2426 1785 2471; x_wconf 87' lang='lat' dir='ltr'>Leitung</span> 
     </span>
     <span class='ocr_line' id='line_1_33' title="bbox 229 2485 1784 2531; baseline -0.001 -11"><span class='ocrx_word' id='word_1_245' title='bbox 229 2485 290 2520; x_wconf 87' lang='lat' dir='ltr'>des</span> <span class='ocrx_word' id='word_1_246' title='bbox 316 2485 496 2530; x_wconf 76' lang='lat' dir='ltr'>Gesanges</span> <span class='ocrx_word' id='word_1_247' title='bbox 520 2487 570 2520; x_wconf 89' lang='lat' dir='ltr'>im</span> <span class='ocrx_word' id='word_1_248' title='bbox 597 2486 740 2531; x_wconf 79' lang='lat' dir='ltr'>Tempe]</span> <span class='ocrx_word' id='word_1_249' title='bbox 766 2487 893 2531; x_wconf 83' lang='lat' dir='ltr'>oblag;</span> <span class='ocrx_word' id='word_1_250' title='bbox 921 2487 981 2521; x_wconf 89' lang='lat' dir='ltr'>der</span> <span class='ocrx_word' id='word_1_251' title='bbox 1006 2487 1118 2521; x_wconf 84' lang='lat' dir='ltr'>Name</span> <span class='ocrx_word' id='word_1_252' title='bbox 1144 2486 1255 2520; x_wconf 87' lang='lat' dir='ltr'>findet</span> <span class='ocrx_word' id='word_1_253' title='bbox 1273 2486 1347 2520; x_wconf 89' lang='lat' dir='ltr'>sich</span> <span class='ocrx_word' id='word_1_254' title='bbox 1367 2487 1414 2519; x_wconf 89' lang='lat' dir='ltr'>im</span> <span class='ocrx_word' id='word_1_255' title='bbox 1442 2487 1560 2519; x_wconf 82' lang='lat' dir='ltr'>ersten</span> <span class='ocrx_word' id='word_1_256' title='bbox 1585 2485 1658 2519; x_wconf 84' lang='lat' dir='ltr'>und</span> <span class='ocrx_word' id='word_1_257' title='bbox 1683 2485 1784 2519; x_wconf 85' lang='lat' dir='ltr'>zwei-</span> 
     </span>
     <span class='ocr_line' id='line_1_34' title="bbox 229 2544 1783 2589; baseline -0.001 -10"><span class='ocrx_word' id='word_1_258' title='bbox 229 2546 291 2579; x_wconf 83' lang='lat' dir='ltr'>ten</span> <span class='ocrx_word' id='word_1_259' title='bbox 318 2544 436 2580; x_wconf 85' lang='lat' dir='ltr'>Buche</span> <span class='ocrx_word' id='word_1_260' title='bbox 461 2545 674 2589; x_wconf 85' lang='lat' dir='ltr'>Paralipom.</span> <span class='ocrx_word' id='word_1_261' title='bbox 701 2545 911 2580; x_wconf 87' lang='lat' dir='ltr'>wiederholt</span> <span class='ocrx_word' id='word_1_262' title='bbox 929 2557 995 2580; x_wconf 84' lang='lat' dir='ltr'>von</span> <span class='ocrx_word' id='word_1_263' title='bbox 1025 2548 1054 2580; x_wconf 89' lang='lat'>1.</span> <span class='ocrx_word' id='word_1_264' title='bbox 1081 2546 1160 2580; x_wconf 89' lang='lat' dir='ltr'>Par.</span> <span class='ocrx_word' id='word_1_265' title='bbox 1187 2547 1219 2580; x_wconf 81' lang='lat'>9.</span> <span class='ocrx_word' id='word_1_266' title='bbox 1248 2547 1291 2580; x_wconf 83' lang='lat'>16</span> <span class='ocrx_word' id='word_1_267' title='bbox 1316 2555 1372 2584; x_wconf 84' lang='lat' dir='ltr'>an,</span> <span class='ocrx_word' id='word_1_268' title='bbox 1399 2544 1618 2578; x_wconf 79' lang='lat' dir='ltr'>namentlich</span> <span class='ocrx_word' id='word_1_269' title='bbox 1645 2546 1675 2578; x_wconf 91' lang='lat'>1.</span> <span class='ocrx_word' id='word_1_270' title='bbox 1702 2544 1783 2578; x_wconf 86' lang='lat' dir='ltr'>Par.</span> 
     </span>
     <span class='ocr_line' id='line_1_35' title="bbox 230 2601 1783 2645; baseline -0.001 -6"><span class='ocrx_word' id='word_1_271' title='bbox 230 2604 287 2645; x_wconf 79' lang='lat'>25,</span> <span class='ocrx_word' id='word_1_272' title='bbox 314 2604 403 2638; x_wconf 85' lang='lat' dir='ltr'>auch</span> <span class='ocrx_word' id='word_1_273' title='bbox 430 2605 461 2638; x_wconf 80' lang='lat'>2.</span> <span class='ocrx_word' id='word_1_274' title='bbox 488 2604 587 2639; x_wconf 89' lang='lat' dir='ltr'>Esdr.</span> <span class='ocrx_word' id='word_1_275' title='bbox 619 2606 671 2645; x_wconf 88' lang='lat'>11,</span> <span class='ocrx_word' id='word_1_276' title='bbox 699 2606 742 2639; x_wconf 78' lang='lat'>17</span> <span class='ocrx_word' id='word_1_277' title='bbox 769 2605 841 2639; x_wconf 85' lang='lat' dir='ltr'>und</span> <span class='ocrx_word' id='word_1_278' title='bbox 867 2605 919 2640; x_wconf 85' lang='lat' dir='ltr'>als</span> <span class='ocrx_word' id='word_1_279' title='bbox 937 2604 1182 2639; x_wconf 81' lang='lat' dir='ltr'>Ueborschrift</span> <span class='ocrx_word' id='word_1_280' title='bbox 1207 2603 1267 2638; x_wconf 85' lang='lat' dir='ltr'>der</span> <span class='ocrx_word' id='word_1_281' title='bbox 1285 2603 1448 2637; x_wconf 85' lang='lat' dir='ltr'>Psalmen</span> <span class='ocrx_word' id='word_1_282' title='bbox 1473 2603 1531 2644; x_wconf 90' lang='lat'>31,</span> <span class='ocrx_word' id='word_1_283' title='bbox 1558 2604 1602 2637; x_wconf 85' lang='lat'>61</span> <span class='ocrx_word' id='word_1_284' title='bbox 1628 2601 1701 2636; x_wconf 85' lang='lat' dir='ltr'>und</span> <span class='ocrx_word' id='word_1_285' title='bbox 1727 2603 1783 2638; x_wconf 81' lang='lat'>76.</span> 
     </span>
     <span class='ocr_line' id='line_1_36' title="bbox 227 2661 1783 2705; baseline -0.001 -9"><span class='ocrx_word' id='word_1_286' title='bbox 227 2662 299 2696; x_wconf 88' lang='lat' dir='ltr'>Der</span> <span class='ocrx_word' id='word_1_287' title='bbox 323 2662 436 2697; x_wconf 86' lang='lat' dir='ltr'>Name</span> <span class='ocrx_word' id='word_1_288' title='bbox 462 2662 579 2697; x_wconf 88' lang='lat' dir='ltr'>wurde</span> <span class='ocrx_word' id='word_1_289' title='bbox 605 2663 711 2702; x_wconf 76' lang='lat' dir='ltr'>daun,</span> <span class='ocrx_word' id='word_1_290' title='bbox 734 2663 799 2698; x_wconf 87' lang='lat' dir='ltr'>wie</span> <span class='ocrx_word' id='word_1_291' title='bbox 833 2664 922 2698; x_wconf 87' lang='lat' dir='ltr'>Herr</span> <span class='ocrx_word' id='word_1_292' title='bbox 947 2663 1041 2698; x_wconf 81' lang='lat' dir='ltr'>Prof.</span> <span class='ocrx_word' id='word_1_293' title='bbox 1076 2664 1136 2697; x_wconf 84' lang='lat' dir='ltr'>Dr.</span> <span class='ocrx_word' id='word_1_294' title='bbox 1164 2663 1302 2697; x_wconf 84' lang='lat' dir='ltr'>Kaulen</span> <span class='ocrx_word' id='word_1_295' title='bbox 1328 2662 1396 2696; x_wconf 87' lang='lat' dir='ltr'>mir</span> <span class='ocrx_word' id='word_1_296' title='bbox 1421 2661 1566 2705; x_wconf 79' lang='lat' dir='ltr'>giitigst</span> <span class='ocrx_word' id='word_1_297' title='bbox 1591 2661 1783 2702; x_wconf 81' lang='lat' dir='ltr'>mittheilt,</span> 
     </span>
     <span class='ocr_line' id='line_1_37' title="bbox 229 2720 1782 2766; baseline -0.001 -11"><span class='ocrx_word' id='word_1_298' title='bbox 229 2720 508 2764; x_wconf 73' lang='lat' dir='ltr'>sprichwortlich</span> <span class='ocrx_word' id='word_1_299' title='bbox 534 2721 591 2756; x_wconf 82' lang='lat' dir='ltr'>fiir</span> <span class='ocrx_word' id='word_1_300' title='bbox 613 2721 817 2766; x_wconf 78' lang='lat' dir='ltr'>jemanden,</span> <span class='ocrx_word' id='word_1_301' title='bbox 843 2722 904 2757; x_wconf 85' lang='lat' dir='ltr'>der</span> <span class='ocrx_word' id='word_1_302' title='bbox 929 2723 1003 2756; x_wconf 88' lang='lat' dir='ltr'>sich</span> <span class='ocrx_word' id='word_1_303' title='bbox 1042 2721 1229 2757; x_wconf 87' lang='lat' dir='ltr'>besonders</span> <span class='ocrx_word' id='word_1_304' title='bbox 1267 2720 1327 2755; x_wconf 87' lang='lat' dir='ltr'>des</span> <span class='ocrx_word' id='word_1_305' title='bbox 1364 2720 1695 2763; x_wconf 82' lang='lat' dir='ltr'>Kirchengesanges</span> <span class='ocrx_word' id='word_1_306' title='bbox 1719 2730 1782 2754; x_wconf 88' lang='lat' dir='ltr'>an-</span> 
     </span>
     <span class='ocr_line' id='line_1_38' title="bbox 228 2778 1784 2825; baseline -0.001 -12"><span class='ocrx_word' id='word_1_307' title='bbox 228 2779 483 2825; x_wconf 44' lang='lat' dir='ltr'>nimmt2Hier</span> <span class='ocrx_word' id='word_1_308' title='bbox 508 2780 626 2815; x_wconf 80' lang='lat' dir='ltr'>diirfte</span> <span class='ocrx_word' id='word_1_309' title='bbox 653 2792 689 2815; x_wconf 89' lang='lat' dir='ltr'>er</span> <span class='ocrx_word' id='word_1_310' title='bbox 715 2782 753 2815; x_wconf 87' lang='lat' dir='ltr'>in</span> <span class='ocrx_word' id='word_1_311' title='bbox 779 2781 893 2816; x_wconf 90' lang='lat' dir='ltr'>seiner</span> <span class='ocrx_word' id='word_1_312' title='bbox 919 2781 1125 2825; x_wconf 85' lang='lat' dir='ltr'>Beziehung</span> <span class='ocrx_word' id='word_1_313' title='bbox 1155 2781 1218 2815; x_wconf 84' lang='lat' dir='ltr'>auf</span> <span class='ocrx_word' id='word_1_314' title='bbox 1238 2780 1329 2815; x_wconf 89' lang='lat' dir='ltr'>Gott</span> <span class='ocrx_word' id='word_1_315' title='bbox 1357 2778 1559 2814; x_wconf 78' lang='lat' dir='ltr'>irrtiimlich</span> <span class='ocrx_word' id='word_1_316' title='bbox 1586 2778 1784 2822; x_wconf 83' lang='lat' dir='ltr'>gebraucht</span> 
     </span>
     <span class='ocr_line' id='line_1_39' title="bbox 229 2836 1784 2883; baseline 0 -12"><span class='ocrx_word' id='word_1_317' title='bbox 229 2837 316 2878; x_wconf 87' lang='lat' dir='ltr'>sein,</span> <span class='ocrx_word' id='word_1_318' title='bbox 342 2838 410 2872; x_wconf 92' lang='lat' dir='ltr'>wol</span> <span class='ocrx_word' id='word_1_319' title='bbox 447 2839 484 2873; x_wconf 90' lang='lat' dir='ltr'>in</span> <span class='ocrx_word' id='word_1_320' title='bbox 522 2839 632 2883; x_wconf 86' lang='lat' dir='ltr'>Folge</span> <span class='ocrx_word' id='word_1_321' title='bbox 670 2840 765 2874; x_wconf 86' lang='lat' dir='ltr'>eines</span> <span class='ocrx_word' id='word_1_322' title='bbox 802 2839 1174 2875; x_wconf 73' lang='lat' dir='ltr'>Missverstandnisses</span> <span class='ocrx_word' id='word_1_323' title='bbox 1210 2839 1271 2874; x_wconf 88' lang='lat' dir='ltr'>der</span> <span class='ocrx_word' id='word_1_324' title='bbox 1307 2836 1664 2873; x_wconf 85' lang='lat' dir='ltr'>Psalmenaufschrift</span> <span class='ocrx_word' id='word_1_325' title='bbox 1689 2836 1784 2881; x_wconf 83' lang='lat' dir='ltr'>„ipsi</span> 
     </span>
     <span class='ocr_line' id='line_1_40' title="bbox 228 2895 876 2943; baseline 0.005 -13"><span class='ocrx_word' id='word_1_326' title='bbox 228 2895 415 2933; x_wconf 56' lang='lat' dir='ltr'>Idithun‘n</span> <span class='ocrx_word' id='word_1_327' title='bbox 444 2916 485 2920; x_wconf 92' lang='lat'>--</span> <span class='ocrx_word' id='word_1_328' title='bbox 511 2898 547 2943; x_wconf 82' lang='lat'>5)</span> <span class='ocrx_word' id='word_1_329' title='bbox 574 2897 630 2932; x_wconf 91' lang='lat' dir='ltr'>Ps.</span> <span class='ocrx_word' id='word_1_330' title='bbox 656 2900 712 2940; x_wconf 93' lang='lat'>88,</span> <span class='ocrx_word' id='word_1_331' title='bbox 738 2900 794 2939; x_wconf 88' lang='lat'>30,</span> <span class='ocrx_word' id='word_1_332' title='bbox 821 2899 876 2933; x_wconf 88' lang='lat'>38.</span> 
     </span>
    </p>
   </div>
  </div>
 </body>
</html>
