1864 3213
227 100 312 143 184

305 278 374 319 10.

304 607 372 649 15.

299 951 368 993 20.

296 1246 365 1287 25.

295 1545 363 1586 30.

294 1840 363 1882 35.

625 103 722 144 vita
752 103 903 157 rythm.
937 79 969 145 ἑ.
994 103 1188 158 Liudgeri
1218 104 1288 146 let.
1322 104 1375 145 11.

436 229 619 274 Frangens
645 231 904 272 aecclesias,
937 233 1035 273 qUaS
1068 220 1295 275 Liudgerus
1327 222 1491 274 fecerat,

505 289 626 324 odiens
651 290 722 324 iam
749 301 840 330 eum,
867 301 1032 333 spernens
1054 301 1160 325 suum
1185 291 1328 333 clerum,

436 348 575 392 Oblita
606 349 779 403 penitus,
813 363 881 402 per
917 350 1167 404 Liudgerum
1199 351 1344 392 celitus

505 421 698 473 quomodo
732 421 903 471 salvata,
941 421 1135 474 quomodo
1168 422 1361 463 honorata

435 499 518 535 Sed
544 501 643 536 istud
669 503 859 546 pessimum
890 504 960 544 per
991 491 1240 546 Liudgerum
1272 492 1471 545 optimum

504 561 554 594 sic
579 560 848 602 adnichilatum,
875 561 924 595 sic
950 564 1004 595 est
1030 564 1246 606 superatum,

434 618 484 653 Ut
509 619 623 654 fides
649 620 773 654 melior
799 620 873 654 illis
904 622 1011 665 atque
1037 621 1170 655 firmior

502 679 648 722 posthac
673 680 907 721 successisset,
933 691 1100 725 umquam
1126 690 1231 725 quam
1256 680 1384 715 fuisset
1397 682 1420 723 ¹,

433 737 627 790 Quamvis
659 753 737 781 nou
769 741 901 782 subito
933 740 981 782 de
1014 740 1154 782 insano
1185 741 1303 782 libito

503 823 602 865 gens
635 813 812 853 converti
844 813 989 865 posset,
1031 813 1076 853 ut
1108 812 1359 865 penituisset.

431 891 564 927 Inter
590 894 669 928 hec
694 895 853 935 nuncius,
886 897 1004 936 quem
1036 883 1150 925 misit
1182 883 1389 937 episcopus

499 953 611 995 urbis
642 954 910 1008 Agrippinae,
940 955 1038 996 fecit
1070 955 1177 996 hunc
1210 955 1358 1006 venire,

430 1020 491 1056 Ut
516 1024 732 1058 consecracio
757 1025 831 1058 sive
860 1023 1081 1058 ordinacio

500 1080 545 1115 ad
571 1083 858 1128 episcopatum
884 1084 947 1118 fiat
973 1085 1006 1118 ei
1032 1083 1154 1118 datum
1168 1084 1191 1118 2.

429 1139 498 1174 Sed
524 1152 603 1176 vere
628 1142 774 1177 humilis
800 1143 940 1177 restitit
967 1143 1128 1177 omnibus
1154 1143 1278 1184 modis,

499 1200 655 1235 clamans
681 1212 718 1236 se
744 1201 968 1246 indignum
984 1203 998 1221 3
1024 1202 1068 1236 ad
1094 1202 1259 1237 honorem
1286 1203 1400 1244 illum,

427 1257 471 1293 Se
496 1258 757 1304 despicabilem,
793 1272 828 1295 se
854 1261 1299 1306 reprehensibilem⁴

498 1320 536 1353 et
561 1320 827 1355 homuncionem
854 1320 973 1355 dicens
998 1324 1229 1365 peccatorem,

427 1376 563 1413 Debere
588 1380 761 1423 presulem
793 1380 1261 1425 inreprehensibilem

499 1448 627 1479 esse,
654 1439 747 1474 sicut
772 1451 922 1483 magnus
949 1442 1145 1475 testaretur
1171 1441 1336 1476 Paulus⁵.

427 1496 501 1530 Hoc
527 1497 621 1532 dicto
648 1500 796 1533 territus
826 1503 911 1534 tunc
937 1500 1228 1544 archiepiscopus,

496 1555 574 1590 hoc
600 1557 841 1601 impletum
868 1559 911 1593 in
946 1570 988 1593 se
1013 1558 1135 1593 dixit
1161 1570 1231 1593 non
1256 1559 1416 1601 fuisse,

428 1614 471 1650 Se
497 1627 571 1650 esse
596 1617 774 1651 hominem
804 1617 1002 1652 confitendo
1030 1618 1207 1662 fragilem,

497 1677 534 1709 et
559 1687 622 1710 nec
648 1676 757 1719 digno
783 1676 907 1711 datum
937 1677 1274 1722 a1·chip1·esulatum;

426 1733 517 1768 Dum
545 1735 618 1776 hec,
645 1737 825 1770 sentencia
851 1737 900 1770 sit
926 1737 963 1770 in
990 1736 1235 1773 observancia.

496 1804 574 1828 raro
601 1794 819 1829 sublimandi
845 1795 919 1830 sint
949 1796 1156 1831 inveniendi
1169 1797 1194 1830 ⁶.

425 1852 474 1887 Et
499 1864 661 1897 gemens
686 1854 808 1895 alt-ius,
835 1855 942 1889 sicut
968 1856 1273 1890 amicissimus

496 1912 644 1947 fuerat
670 1913 858 1957 Liudgem,
890 1916 1029 1949 monuit
1055 1916 1092 1949 in
1119 1915 1203 1956 Deo,

426 1970 545 2006 Donec
570 1973 662 2006 hunc
688 1973 822 2007 vicerat
848 1975 956 2018 atque
981 1973 1212 2008 benedixerat

497 2041 558 2075 per
584 2032 656 2065 vim
682 2031 851 2066 karitatis
876 2035 914 2066 et
939 2034 1285 2068 auct01·itatis⁷.

356 2102 388 2135 2.
426 2090 508 2132 Hic
540 2093 602 2132 cst
633 2092 854 2144 episcopus,
897 2093 1010 2134 cuius
1043 2094 1207 2134 missam
1240 2094 1415 2136 Karolus

495 2163 708 2216 postquam
739 2163 821 2204 iam
854 2164 1024 2215 audivit,
1062 2165 1272 2218 cingulum
1304 2164 1535 2218 promissit:

356 2328 411 2362 12.
437 2327 505 2362 das
529 2329 649 2362 aweite
673 2327 844 2373 quomodo
869 2339 959 2363 corr.
984 2329 1025 2362 in
1043 2331 1216 2373 quantum
1241 2340 1310 2363 von
1335 2328 1454 2363 Hand
1478 2329 1555 2364 und
1583 2329 1614 2363 T
1615 2330 1686 2365 inte
1702 2330 1768 2365 wie

213 2388 269 2422 Zet.
295 2387 328 2421 Ι.
353 2398 385 2421 v.
409 2389 504 2421 1338
532 2387 570 2421 Τ.
600 2407 642 2411 -
679 2388 734 2422 15.
760 2387 809 2422 Et
836 2388 876 2424 T.
914 2407 958 2411 —
996 2390 1051 2423 23.
1079 2388 1174 2421 omni
1200 2387 1313 2422 modis
1338 2399 1427 2423 corr.
1454 2389 1519 2423 wie
1544 2389 1577 2422 I.
1603 2390 1698 2423 1338
1725 2388 1767 2423 Τ.

214 2466 258 2471 —
283 2446 338 2480 28.
365 2447 432 2481 wie
456 2446 488 2480 Ι.
515 2448 610 2481 1338
637 2446 677 2480 Τ.
717 2466 760 2471 -
797 2448 854 2481 31.
892 2446 1090 2481 confitendo
1128 2458 1218 2482 corr.
1256 2447 1333 2481 und
1371 2448 1437 2482 wie
1474 2447 1506 2481 I.
1533 2449 1628 2481 1338
1656 2447 1695 2481 Τ.
1724 2465 1767 2471 -

213 2505 270 2539 39.
295 2506 382 2540 aber
406 2505 607 2550 episcopus:
633 2505 728 2540 colo:
758 2506 803 2546 T;
842 2518 874 2540 α.
901 2506 955 2540 R.-
992 2506 1143 2540 Karolus
1177 2509 1325 2540 venator
1350 2505 1624 2546 audit‚1nissam
1649 2505 1768 2540 Hildi-

212 2563 312 2598 baldi
340 2564 379 2598 Τ.
407 2583 450 2588 -
475 2565 531 2599 40.
557 2565 644 2599 iiber
668 2565 871 2608 cingulum:
903 2564 945 2599 de
971 2565 1112 2599 ceruina
1138 2565 1228 2610 pelle
1259 2565 1297 2599 T.

357 2729 391 2774 1)
417 2728 504 2763 Vita
540 2729 568 2763 I.
595 2740 623 2763 c.
654 2730 710 2764 22.
746 2749 789 2753 —-
823 2730 859 2774 2)
886 2729 972 2762 Vita
997 2728 1025 2762 Ι.
1052 2739 1079 2762 c.
1106 2730 1162 2763 ⁶23.
1203 2748 1246 2752 —
1282 2729 1318 2773 3)
1345 2728 1432 2762 Vita
1469 2728 1538 2763 HI.
1575 2739 1603 2763 c.
1629 2730 1683 2764 28.
1724 2748 1766 2754 —

213 2788 249 2832 4)
275 2787 361 2822 Vita
387 2787 436 2822 ΙΙ.
463 2798 491 2822 e.
518 2789 580 2829 20;
608 2799 639 2822 v.
665 2788 732 2823 III.
760 2788 783 2822 1.
810 2798 837 2822 c.
867 2807 911 2813 —
945 2788 980 2832 5)
1007 2789 1038 2823 1.
1066 2788 1157 2821 Tim.
1184 2788 1216 2828 3,
1243 2789 1273 2822 2.
1304 2807 1347 2812 —
1378 2789 1414 2832 6)
1440 2787 1512 2823 cfr.
1538 2788 1615 2822 vita
1640 2787 1765 2823 111.1.c.

215 2865 257 2870 -—-
286 2846 320 2890 7)
346 2846 432 2881 Vita
458 2846 485 2881 I.
514 2847 534 2880 1.
564 2857 611 2887 c.;
637 2858 669 2881 v.
696 2847 744 2881 ΙΙ.
770 2847 793 2881 l.
819 2857 867 2887 c.;
903 2857 932 2881 v.
958 2847 1026 2881 III.
1053 2846 1076 2880 1.
1103 2856 1132 2881 e.
