1801 3213
498 146 702 190 Cincinnii
742 146 828 188 vita
858 158 888 188 s.
922 145 1129 199 Liudgeri.
1503 145 1588 187 259

38 267 81 308 et
119 266 184 316 „in
220 265 357 306 eterna
398 264 591 306 memoria
621 263 751 305 iustus
783 263 884 305 erit“
906 265 933 306 ¹.
991 260 1190 314 Quare'et
1216 262 1301 316 ipse
1332 261 1590 304 beatissimus

39 336 232 390 patronus
264 336 399 377 noster
439 334 601 376 sanctus
644 333 855 388 Ludgerus
901 332 953 375 ad
997 333 1096 384 hoc,
1143 332 1298 375 scilicet
1328 333 1432 386 quod
1472 345 1591 386 opera

40 407 132 458 Dei,
166 419 241 460 que
273 407 315 447 in
346 405 576 447 hominibus
608 417 679 457 per
711 405 869 446 sanctos
900 416 990 446 suos
1021 403 1136 455 fiunt,
1168 403 1399 446 nullatenus
1431 403 1591 446 silentio

40 477 164 528 tradi,
201 477 270 518 sed
302 475 503 530 predicari
526 475 676 525 deceat,
709 475 751 516 et
781 475 827 516 ut
857 474 994 516 felicia
1016 474 1194 528 ipsorum
1226 474 1454 516 sanctorum
1477 474 1593 529 gesta

41 548 369 598 conscribantur,
418 546 638 600 diligenter
679 545 912 586 exhortatur
949 545 991 586 in
1033 557 1076 587 eo
1116 545 1278 597 libello,
1324 558 1442 599 quem
1475 558 1593 598 super
1634 548 1637 551 “

43 618 344 661 canonizatione
396 617 481 659 divi
534 616 710 658 Suiberti
755 615 974 658 Verdensis
1027 616 1193 658 ecclesie
1242 616 1596 670 prothoepiscopi2

43 688 296 742 conscripsit,
329 687 398 729 ubi
431 688 512 729 ait:
566 686 721 740 „Opera
752 686 842 738 Dei,
875 699 951 740 que
992 687 1034 728 in
1073 687 1303 729 hominibus
1335 700 1405 741 per
1437 688 1595 729 sanctos

44 772 136 803 suos
156 759 273 810 fiunt,
295 759 528 800 nullatenus
551 759 763 808 subticere,
787 758 856 799 sed
878 758 1084 811 predicare
1106 759 1262 800 decet“.
1282 791 1291 800 .
1312 791 1320 800 .
1344 759 1465 800 Porro
1483 759 1596 801 cuius

44 831 168 873 etiam
201 830 462 872 sanctitatem
496 829 812 884 benignissimus
843 830 953 871 Deus
999 829 1074 871 hoc
1120 830 1255 871 nostro
1296 842 1367 872 evo
1398 830 1596 872 virtutum

47 903 88 944 et
118 902 353 943 meritorum
385 900 515 954 signis
547 900 753 942 declarare
784 913 862 942 non
895 900 1057 950 desinit,
1101 900 1171 942 sed
1201 900 1265 942 vel
1298 913 1386 942 eam
1419 901 1598 954 quotidie

46 985 124 1015 non
157 973 263 1014 circa
295 972 568 1013 venerandum
616 972 700 1012 eius
739 984 880 1024 corpus
921 972 1072 1022 solum,
1119 984 1258 1013 verum
1292 971 1415 1013 etiam
1446 971 1598 1025 passim

47 1045 247 1086 terrarum
279 1043 322 1084 in
353 1042 476 1084 variis
498 1042 729 1083 mortalium
761 1042 1082 1092 necessitatibus,
1115 1041 1424 1084 infirmitatibus
1456 1043 1497 1084 et
1528 1055 1600 1084 au-

48 1114 197 1170 gustiis
228 1113 543 1155 misericorditer
575 1125 731 1165 semper
753 1113 1012 1154 manifestam
1046 1113 1193 1164 reddit,
1226 1113 1295 1155 ubi
1317 1126 1340 1155 a
1361 1113 1601 1156 mortalibus

48 1185 238 1236 fideliter,
273 1185 394 1239 digne
426 1197 473 1225 ac
505 1183 722 1225 salubriter
744 1183 954 1225 invocatus
985 1183 1121 1235 fuerit,
1154 1197 1224 1237 per
1252 1183 1398 1226 merita
1430 1184 1492 1226 sui
1514 1184 1603 1239 glo-

49 1257 146 1299 riosi
177 1256 323 1298 famuli
355 1255 551 1296 auxilium
586 1255 625 1295 et
658 1253 836 1296 solamen
879 1255 1058 1307 prestare
1090 1255 1296 1309 dignatur.
1332 1288 1340 1296 .
1376 1289 1385 1298 .
1421 1288 1430 1296 .

193 1326 462 1367 Distinximus
495 1326 632 1366 autem
665 1326 771 1366 hunc
802 1325 953 1367 librum
986 1325 1102 1367 binas
1135 1326 1177 1367 in
1208 1327 1356 1379 partes.
1402 1326 1450 1367 In
1481 1325 1606 1379 priori

52 1398 224 1439 naque
259 1396 301 1430 de
327 1395 507 1430 nobilibus
542 1395 642 1429 beati
670 1395 739 1428 viri
773 1395 1062 1439 progenitoribus
1089 1397 1125 1430 et
1151 1396 1226 1430 eius
1252 1395 1422 1437 exordiis,
1460 1398 1537 1431 tum
1564 1396 1605 1431 de

51 1457 206 1502 pueritia
232 1456 540 1499 adolescentiaque
566 1457 603 1488 et
638 1455 748 1498 ipsius
784 1455 960 1489 virtutum
986 1455 1115 1496 indole,
1155 1455 1306 1500 denique
1345 1455 1386 1489 de
1421 1466 1606 1500 progressu

53 1515 169 1551 virilis
195 1515 269 1549 eius
294 1515 428 1549 aetatis
453 1513 564 1558 deque
590 1513 681 1547 bona
707 1517 744 1548 et
769 1513 943 1548 laudabili
961 1513 1203 1558 predicatione
1233 1517 1270 1549 et
1295 1515 1333 1548 in
1358 1525 1460 1559 opere
1485 1515 1608 1551 divino

53 1574 174 1609 labore
200 1575 308 1618 atque
334 1573 410 1608 eius
437 1572 690 1606 sublimatione
716 1572 760 1607 ad
786 1574 1038 1617 episcopatum,
1066 1574 1233 1607 continuo
1260 1573 1301 1607 de
1326 1574 1507 1608 miraculis
1534 1575 1609 1609 eius

53 1633 93 1668 in
119 1633 196 1668 vita
222 1644 284 1668 sua
310 1632 424 1677 gestis
451 1631 562 1676 deque
588 1631 799 1666 fundatione
826 1632 970 1666 huiusce
995 1632 1063 1666 loci
1088 1632 1361 1674 Werthinensis‚
1396 1633 1541 1668 tandem
1567 1633 1610 1669 de

55 1704 152 1740 felici
178 1705 254 1739 eius
288 1704 447 1738 transitu
486 1693 526 1732 et
557 1694 756 1745 postremo
788 1705 914 1746 pauca
958 1693 1005 1734 de
1038 1693 1165 1746 ipsius
1207 1694 1390 1748 cognatis
1434 1695 1517 1736 Deo
1550 1694 1612 1735 di-

57 1764 150 1820 gnis
174 1764 371 1817 episcopis
393 1776 527 1806 secum
550 1764 618 1805 hic
650 1763 691 1804 in
713 1763 799 1805 loco
827 1764 1002 1805 feliciter
1034 1764 1376 1817 requiescentibus
1398 1776 1613 1811 declaraturi

58 1857 187 1881 sumus.
230 1836 278 1876 ῙΠ
311 1835 440 1877 altera
471 1848 564 1877 VOI'O
605 1835 720 1888 Pal'sse
751 1835 870 1876 hUiUS
902 1825 999 1876 libs'i
1039 1846 1080 1880 de
1112 1847 1221 1890 ipsius
1262 1848 1377 1882 sancti
1411 1848 1479 1882 viri
1513 1847 1613 1882 duni-

58 1907 160 1940 taxat
194 1905 375 1939 miraculis
417 1907 455 1939 et
492 1905 705 1939 meritorum
743 1905 857 1948 signis
895 1905 980 1939 olim
1017 1908 1098 1949 post
1135 1906 1210 1940 cius
1246 1907 1421 1941 transitus
1455 1909 1615 1951 tempora

59 1975 251 2017 exhibitis,
294 1977 370 2018 que
415 1977 487 2006 nos
534 1966 678 2018 utputa
723 1977 851 2018 pauca
899 1978 944 2007 ex
989 1966 1174 2019 plurimis
1226 1967 1376 2020 scripto
1422 1967 1615 2008 mandata

60 2037 102 2078 et
148 2036 198 2078 ab
244 2035 328 2077 illis
374 2035 494 2089 ipsis,
548 2037 616 2089 qui
666 2035 894 2078 beatissimi
948 2037 1026 2078 viri
1079 2037 1371 2079 conversationi
1421 2037 1617 2079 interfue-

62 2107 156 2149 rant
188 2106 259 2148 aut
290 2106 358 2160 qui
389 2107 478 2148 tum
516 2106 703 2148 viderant
743 2106 888 2159 quique
936 2107 1058 2148 etiam
1098 2107 1333 2158 audierant,
1381 2108 1423 2149 in
1466 2108 1618 2150 litteris

63 2177 258 2219 derelicta
289 2177 523 2231 reperimus,
558 2176 772 2218 admodum
806 2177 983 2218 breviter
1015 2177 1281 2220 absolvemus.
1330 2179 1525 2220 Exci-sum
1557 2179 1619 2220 est

62 2249 194 2303 igitur
226 2247 363 2290 divino
395 2249 497 2289 nutu
529 2248 671 2301 suique
697 2247 923 2289 beatissimi
956 2248 1192 2290 confessoris
1216 2249 1339 2290 ductu
1370 2249 1546 2291 feliciter
1576 2250 1620 2290 in

68 2319 146 2361 Dei
176 2319 351 2361 nomine.
412 2319 558 2363 Amen.

645 2401 786 2436 Exest
816 2401 1047 2444 prologus.

210 2531 245 2576 1)
271 2531 327 2566 Ps.
350 2532 429 2573 111,
459 2532 491 2565 7.
520 2551 563 2555 ——
581 2532 616 2576 2)
642 2531 720 2566 Den
746 2531 794 2566 hl.
813 2531 991 2572 Suidbert,
1019 2531 1086 2566 den
1113 2531 1241 2566 Stifter
1259 2542 1327 2565 von
1352 2531 1621 2573 Kaiserswerth,

66 2590 134 2624 hat
175 2592 313 2634 spatere
354 2590 631 2635 Verwechslung
669 2602 708 2624 zu
747 2591 862 2625 einem
898 2593 1016 2625 ersten
1064 2590 1227 2625 Bischofe
1273 2601 1340 2625 von
1381 2591 1520 2625 Verden
1562 2601 1625 2634 ge-

68 2648 200 2683 macht.
252 2649 375 2683 Seiuer
400 2649 495 2691 vita,
523 2650 651 2684 welche
677 2650 869 2684 Marchelm
896 2649 978 2684 oder
1003 2649 1189 2683 Marcellin
1214 2650 1267 2683 als
1294 2649 1474 2684 Verfasser
1499 2652 1625 2691 neunt,

71 2707 242 2742 Suidbert
264 2707 390 2752 jedoch
416 2708 468 2742 als
495 2708 641 2742 Bischof
665 2719 731 2742 von
758 2708 894 2743 Verden
922 2709 1023 2743 nicht
1049 2708 1162 2743 kennt
1187 2708 1259 2742 und
1284 2711 1402 2752 spates
1426 2709 1625 2743 Machwerk

70 2766 131 2807 ist,
158 2766 207 2800 ist
233 2766 310 2801 eine
337 2766 638 2811 pseudo-epistola
665 2778 691 2801 s.
718 2766 889 2811 Liudgeri
915 2766 959 2800 ad
977 2766 1177 2801 Rixfridum
1204 2767 1465 2802 Traiectensem
1495 2768 1626 2812 episco-

71 2835 156 2869 pum
175 2825 394 2869 angebangt,
422 2836 472 2859 wo
499 2826 586 2859 auch
614 2825 671 2860 die
689 2825 902 2869 angefiihrte
922 2825 1033 2860 stelle
1058 2825 1133 2860 sich
1157 2825 1270 2860 findet
1295 2826 1396 2870 (Vita
1415 2838 1441 2861 s.
1460 2826 1628 2861 Swiberti

73 2884 228 2928 episcopi
254 2883 468 2919 Werdensis.
518 2884 666 2919 Leibniz
691 2884 750 2919 SS.
778 2885 826 2920 ΙΙ.
852 2885 947 2929 244).

1296 2944 1387 2986 17*
