1801 3213
435 155 534 197 Vita
565 155 715 210 rythm.
747 168 778 197 s.
812 154 1008 210 Liudgeri
1039 154 1108 198 let.
1140 154 1217 198 ΙΙΙ.
1520 154 1607 195 219

261 272 415 315 Mundo
446 272 704 324 miraculum,
737 284 909 326 namque
940 284 1041 325 aque
1073 270 1277 327 ymbrium

72 345 197 387 1170.
330 343 500 397 desuper
530 343 761 397 pendebant
791 342 930 396 nilque
962 342 1219 396 depluebant.

260 415 453 458 Densitas
484 414 654 456 nubium
686 413 864 468 pendens
895 414 1067 455 imbrem
1099 412 1322 467 plurimum

329 485 443 539 quasi
474 485 723 534 minabatur,
755 485 891 526 tamen
924 484 1150 526 tenebatur.

262 556 340 599 Sed
372 556 413 598 et
443 555 485 597 in
517 560 609 597 aere
646 555 753 609 cepit
785 567 827 597 se
859 555 1109 606 subtrahere,

334 626 431 668 dum
463 627 545 668 iam
579 626 800 669 constituta
832 625 918 668 dies
950 627 1012 668 est
1043 626 1225 679 sequuta,

0 697 1 708 ¹
73 698 197 740 1175.
260 697 308 739 In
340 709 418 751 qua
450 697 546 739 dum
578 696 748 751 populus
779 695 962 738 affuisset
993 696 1191 750 plurimus

331 781 423 810 cum
455 767 638 810 oracione
671 768 712 809 et
742 767 993 821 portacione:

260 838 322 881 De
353 839 598 881 monasterio
630 851 720 880 ecce
752 838 886 880 clarus
918 837 1065 889 subito,

333 909 402 951 diu
435 909 504 963 qui
534 909 704 960 latebat,
739 909 895 950 Titanl
931 909 1163 962 apparebat.

260 980 360 1023 Inde
392 980 627 1022 sonantibus
658 980 846 1034 plurimis
878 980 1136 1022 concentibus

72 1052 198 1094 1180.
336 1052 497 1105 propter
530 1051 661 1093 visum
695 1051 819 1093 solem
851 1051 1075 1093 laudabant
1108 1051 1342 1102 creatorem,

260 1122 406 1176 Fitque
437 1122 635 1176 processio
668 1123 708 1164 et
740 1122 876 1175 ampla
909 1122 1120 1177 digressio,

332 1194 514 1236 homines
546 1193 780 1245 cantabant,
807 1194 964 1235 montes
995 1193 1250 1235 resonabant.

259 1263 319 1307 At
350 1264 410 1306 sol
441 1264 484 1305 in
514 1264 661 1306 melius
693 1264 803 1306 lucet
841 1265 1089 1318 desuperius,

333 1335 448 1390 quasi
479 1335 553 1378 1100
584 1336 712 1378 iubilo
745 1338 881 1378 erutus
913 1336 1066 1378 nubilo.

72 1407 198 1450 1185.
262 1407 376 1449 Tunc
407 1408 593 1449 sanctum
625 1407 791 1449 Domini
823 1407 1123 1450 circumdantes
1154 1406 1304 1461 populi,

332 1478 438 1520 unde
470 1479 702 1531 efferebant,
735 1480 873 1521 domui
903 1479 1141 1531 reddebant,

262 1549 562 1604 Rogacionibus
595 1550 659 1592 vel
691 1550 944 1592 oracionibus

332 1620 416 1662 sive
448 1621 612 1663 letaniis
643 1621 934 1675 amplectentes
966 1622 1057 1675 piis,

261 1691 315 1733 Et
345 1691 429 1733 Deo
463 1692 621 1734 debitas
652 1692 882 1734 referebant
913 1692 1072 1746 gracias

74 1762 198 1804 1190.
334 1762 419 1804 viro
450 1775 521 1816 pro
553 1762 670 1804 beato
702 1762 760 1804 ita
794 1762 1010 1814 declarato,

264 1832 322 1875 Ut
353 1825 449 1874 dum
483 1833 638 1885 exierit,
671 1833 804 1888 caligo
835 1833 1019 1887 perierit,-

333 1904 491 1958 quando
522 1904 795 1958 processisset,
830 1904 889 1946 sol
921 1917 963 1947 se
995 1903 1222 1958 optulisset.

262 1974 316 2017 Et
347 1976 511 2018 laudem
543 1976 716 2018 Domino
749 1977 935 2018 intonant
968 1977 1182 2028 altissimO,

334 2046 402 2100 qui
433 2046 492 2089 sic
522 2047 757 2089 honorasset
789 2060 962 2099 servum,
997 2060 1114 2101 quem
1146 2045 1335 2096 amasset,

76 2117 201 2159 1195.
263 2116 318 2158 Et
348 2117 497 2159 bonum
529 2122 666 2160 aerem
700 2118 740 2160 et
777 2118 922 2160 bonam
954 2117 1206 2171 temperiem,

334 2200 455 2242 quam
483 2189 550 2231 hic
581 2189 856 2241 susceperunt,
890 2201 1026 2231 secum
1060 2187 1170 2230 domi
1200 2187 1350 2239 ferunt,

263 2258 318 2301 Et
347 2272 439 2301 cum
471 2259 609 2302 leticia
648 2259 888 2314 colligentes
920 2259 1055 2301 omnia

335 2329 578 2372 invenerunt
609 2331 753 2372 bonam
785 2330 962 2384 undique
994 2342 1208 2373 annonam.

264 2400 420 2442 Notata
450 2401 579 2455 igitur
611 2401 743 2444 adhuc
777 2401 841 2442 die
873 2401 1054 2456 agitu1·²,

77 2470 201 2513 1200.
336 2470 443 2513 sicut
473 2471 590 2513 valde
622 2471 749 2514 bonus
780 2472 930 2514 meruit
960 2473 1165 2525 patronus,
1213 2467 1217 2470 ’

196 2587 298 2621 1169.
332 2597 422 2622 corr.
457 2587 537 2622 und
569 2598 639 2623 von
664 2589 762 2624 einer
788 2588 905 2624 Hand
930 2599 993 2624 sec.
1022 2588 1110 2625 XV.
1140 2588 1172 2622 T
1178 2602 1191 2632 ;
1219 2587 1420 2623 mirandum
1445 2588 1538 2624 Boll.
1566 2608 1611 2613 --

0 2646 1 2676 l
54 2644 156 2679 1179.
181 2644 342 2689 pluribus
367 2646 460 2681 Bell.
488 2666 532 2671 —-
559 2647 661 2682 1180.
688 2658 779 2682 corr.
804 2648 845 2682 in
870 2647 1022 2682 laudant
1050 2647 1082 2681 T
1089 2660 1101 2690 ;
1138 2647 1290 2682 laudant
1315 2648 1408 2684 Boll.
1436 2667 1479 2672 —
1507 2648 1611 2683 1187.

0 2700 1 2711 ¹
53 2702 315 2747 Rogacionibus
340 2714 430 2740 corr.
460 2705 498 2739 T.

197 2835 231 2876 1)
258 2833 412 2877 Ph'obuS,
439 2833 676 2879 Sonnengott.
700 2855 742 2860 -
762 2835 797 2881 ⁴2)
823 2835 890 2871 Die
909 2836 1012 2870 Feier
1030 2835 1148 2870 wurde
1175 2837 1294 2880 spater
1319 2833 1384 2870 auf
1398 2833 1466 2870 den
1492 2836 1612 2870 ersten

0 2941 1 2947 ἵ
54 2889 217 2936 Sonntag
242 2892 292 2928 im
319 2892 527 2938 September
554 2895 694 2938 verlegt
720 2894 793 2929 und
818 2893 906 2929 wird
931 2894 1020 2929 noch
1051 2894 1159 2929 heute
1185 2893 1329 2929 festlich
1354 2893 1554 2938 begangen.
