1801 3213
229 140 315 183 208
628 137 727 179 Vita
757 137 906 191 rythm.
939 148 969 179 s.
992 134 1188 189 Liudgeri
1222 134 1293 177 let.
1323 133 1378 175 ΙΙ.

254 257 381 300 1155,
443 254 509 290 Cui
534 253 736 299 predixerat
761 253 816 287 vir
841 254 994 292 sanctus,
1029 251 1111 286 (lum
1137 251 1286 292 vixerat,

512 313 604 349 inibi
629 312 786 347 futuram
813 311 883 346 sibi
907 311 1136 356 sepulturam,

443 372 567 417 Lapis
592 371 782 406 effossus
808 372 863 405 est
876 371 899 412 ¹,
926 370 987 415 qui
1011 369 1097 404 olim
1122 368 1275 403 infossus
1301 367 1391 409 est²‚

514 432 584 465 iam
611 430 750 464 detecto
776 430 879 473 signo
904 429 1054 463 revelari
1081 427 1199 473 digno.

443 491 530 533 Nec
560 490 669 531 ultra
701 489 828 540 siluit,
863 489 958 530 (lum
992 501 1156 531 narra-re
1187 488 1318 538 licuit,

257 563 385 604 1160.
521 560 802 615 Othelgrimus
833 560 917 602 Deo
948 559 1052 601 fidus
1085 560 1124 601 et
1154 559 1371 614 Liudgero,

443 631 594 666 Sanctus
619 631 675 664 vir
701 629 871 675 quomodo
900 629 968 664 sibi
995 630 1032 663 in
1059 629 1122 664 hoc
1147 629 1261 664 loculo

514 689 691 724 tumulum
716 690 914 734 prescisset,
941 689 1017 723 fieri
1043 689 1218 729 iussisset,

443 748 623 791 Quantum
647 749 854 793 preciperet,
879 750 921 782 ut
945 757 1048 783 nemo
1073 748 1310 791 cognosceret,

515 806 576 842 sed
601 810 774 842 secretum
800 809 902 848 esset,
934 805 1103 851 quamdiu
1129 805 1288 847 vixisset,

254 868 380 911 1165,
443 865 622 909 Quomodo
648 865 769 901 arbore
794 866 893 910 prius
918 869 956 900 et
979 867 1060 910 post
1085 864 1202 909 lapide

514 924 609 960 idem
635 925 709 969 ipse
734 925 829 959 locus
855 924 927 959 fuit
953 923 1172 968 designatus,

445 983 544 1027 Quod
569 984 660 1028 lapis
685 984 800 1019 iaceat
826 984 877 1018 ibi
903 986 940 1019 et
963 984 1035 1018 iam
1061 983 1185 1018 doceat

515 1043 738 1088 propheciam
765 1044 835 1077 viri
859 1042 1050 1078 manifeste
1080 1043 1172 1077 sciri.

445 1114 489 1149 In
515 1115 646 1149 mensis
671 1114 785 1158 igitur
811 1113 946 1156 Martii,
979 1104 1025 1144 Ul]
1054 1103 1207 1157 legitur
1225 1102 1254 1153 3,

256 1176 383 1217 1170,
517 1173 683 1207 vicesimo
708 1175 805 1207 sexto
832 1172 889 1207 die
914 1173 983 1207 fine
1008 1173 1081 1207 leto

446 1232 706 1267 Defunctus
731 1232 856 1273 seculo,
883 1232 944 1267 secl
969 1235 1075 1266 natus
1100 1234 1280 1276 perpetuo.

517 1303 642 1338 obiit
666 1304 748 1338 Liu
762 1303 815 1348 dg
827 1315 946 1345 erus,
976 1291 1274 1334 Werthinensis
1309 1291 1442 1341 herus,

447 1363 547 1406 Inde
578 1363 783 1405 tricesima
816 1364 921 1405 hunc
953 1363 1016 1405 die
1048 1362 1302 1416 Westphalia

517 1435 754 1477 Werthinae
787 1435 944 1476 dimisit
974 1435 1038 1476 vel
1070 1435 1208 1475 coacta
1239 1433 1372 1482 misit3

258 1507 388 1550 1175.
450 1507 528 1548 Per
561 1506 656 1548 duos
688 1506 792 1547 itum
827 1507 888 1547 est
917 1505 993 1547 hac
1019 1504 1117 1555 dies,
1150 1517 1187 1549 et
1212 1495 1320 1549 situin
1346 1515 1401 1549 est

518 1586 579 1621 per
603 1576 790 1610 honestum
816 1575 951 1610 cultum
978 1586 1098 1619 corpus
1124 1575 1161 1608 in
1187 1573 1419 1618 sepulchrum.

450 1634 866 1680 Octingentesimo
892 1634 1027 1670 Christi
1052 1633 1320 1668 incarnacio

520 1694 616 1729 facta
642 1696 697 1729 est
722 1696 808 1728 tunc
833 1704 946 1729 anno
971 1693 1114 1737 insuper
1139 1695 1177 1726 et
1201 1702 1327 1726 nono.

448 1753 535 1790 Cum
560 1753 634 1795 hec,
661 1764 728 1798 que
753 1753 850 1787 dicta
875 1754 968 1795 sunt,
997 1753 1115 1786 omnia
1140 1751 1297 1797 perfecta
1321 1753 1417 1793 sunt,

261 1815 387 1857 1180,
520 1812 708 1847 Werthina
732 1814 922 1857 patronum
952 1811 1138 1846 obtinente
1164 1811 1304 1853 bonum,

449 1871 519 1914 Qui
543 1872 581 1906 in
606 1872 671 1907 hac
696 1871 884 1906 Werthina
907 1871 1039 1906 honore
1069 1873 1106 1905 et
1130 1870 1246 1914 gloria

519 1941 580 1975 per
604 1930 852 1965 miraculorum
877 1930 981 1974 signa
1005 1929 1236 1974 plurimorum

447 2001 596 2037 Presens
628 1990 794 2033 cottidie
825 2000 1069 2045 comprobatur
1094 2000 1210 2035 lucide

519 2071 619 2106 posse
645 2059 687 2095 de
714 2061 873 2104 supernis
901 2059 1191 2104 suffrag-varst
1216 2059 1332 2094 tenus.

680 2149 883 2193 Explicit
914 2149 1105 2185 Letania
1135 2149 1350 2184 secunda.

381 2274 482 2309 1161.
509 2284 598 2310 corr.
626 2286 693 2309 aus
717 2274 884 2308 Ssanctus
913 2273 951 2308 T.
980 2293 1024 2298 —
1048 2273 1150 2318 Expl.
1176 2272 1256 2306 Let.
1283 2284 1308 2307 s.
1337 2272 1413 2307 roth
1441 2271 1479 2306 T.

381 2430 414 2473 1)
440 2429 528 2463 Vita
553 2427 621 2462 ΙΙΙ.
646 2427 670 2461 1.
698 2437 726 2462 c.
758 2447 801 2452 —
829 2428 864 2471 2)
891 2426 973 2470 Vgl.
1003 2426 1065 2461 let.
1091 2425 1119 2460 I.
1146 2437 1178 2460 v.
1200 2425 1339 2460 14133ff.
1368 2444 1413 2451 -—
1439 2425 1476 2470 3)
1502 2424 1589 2459 Vita
1614 2424 1643 2459 Ι.
1669 2434 1696 2459 c.
1721 2423 1791 2465 323

237 2487 315 2522 vita
339 2486 387 2522 11.
414 2497 443 2523 e.
468 2487 533 2528 35;
560 2487 637 2520 vita
662 2486 731 2521 III.
757 2496 784 2521 c,
811 2486 869 2521 47.
897 2505 940 2509 —
965 2486 1001 2530 4)
1030 2485 1115 2520 Vita
1138 2485 1166 2520 I.
1194 2484 1257 2519 lib.
1284 2484 1333 2520 11.
1360 2495 1387 2518 c.
1415 2485 1455 2525 13
1481 2483 1559 2518 vita
1584 2483 1632 2519 Π.
1657 2482 1721 2518 lib.
1738 2482 1788 2517 H.

235 2556 263 2580 c.
298 2548 330 2580 1.
