1864 3213
251 156 336 198 162

298 377 397 421 895.

297 672 395 714 900.

297 1001 395 1043 905.

297 1357 396 1398 910.

296 1982 393 2024 920.

297 2337 394 2379 925.

646 153 744 195 Vita
782 153 932 208 rythm.
970 165 1002 196 s,
1033 152 1230 207 Liudgeri
1265 151 1336 195 let.
1366 152 1399 193 I.

459 270 594 305 Horum
619 270 781 310 collacio,
819 269 944 303 horum
976 269 1258 309 collocuti0¹‚

530 329 710 363 alternata
736 330 879 362 sanctae
905 327 948 362 de
974 327 1156 362 amborum
1181 329 1309 369 mente,

457 388 617 423 Adduxit
641 388 832 421 Dominum
859 387 953 421 inter
979 386 1064 421 duos
1090 386 1259 428 medium,

528 447 718 481 Dominum
744 456 804 490 per
828 446 955 490 ipsum,
982 446 1075 480 sicut
1101 447 1138 479 et
1165 448 1218 479 est
1244 444 1424 480 dietum2:

462 505 553 547 „Ubi
579 503 824 539 tantummodo
852 508 924 538 tres
950 504 1056 538 simul
1081 506 1166 538 sunt
1194 504 1249 538 vel
1274 504 1341 539 duo

529 565 567 598 in
592 565 733 598 nomine
759 574 847 604 meo,
873 563 1012 598 medius
1043 574 1119 597 sum
1146 567 1245 607 ego⁴‘.

458 623 667 658 Sanctorum
692 622 848 656 moribus
873 622 922 656 sic
947 621 1054 656 factis
1079 621 1298 656 sermonibus

528 682 735 716 causam³
761 692 844 715 suae
871 681 948 715 viae
974 681 1068 725 cepit
1094 681 1229 725 aperire

457 740 656 784 Liudgerus
681 740 854 785 presbiter
887 742 923 774 et
948 739 1221 774 misericorditer

527 795 713 834 exauditus
740 801 883 842 gratum
909 798 1037 833 habuit
1062 799 1220 839 affatum,

459 859 576 901 Unde
609 872 728 913 quam
762 859 937 912 plurima
969 871 1112 901 causae
1144 872 1239 901 suae
1271 859 1417 901 nuncia

530 943 623 971 vera
656 930 793 971 sancto
825 951 970 984 papae
1002 930 1082 971 fert
1115 929 1401 982 simplicitate:

458 1001 641 1042 Primum
674 1000 908 1053 parentibus
941 1000 1024 1041 suis
1057 1001 1105 1041 de
1137 1000 1407 1051 credentibus,

529 1073 627 1113 tunc
659 1071 707 1112 de
740 1083 780 1112 se
813 1072 853 1112 et
884 1071 1010 1112 fratre
1042 1071 1106 1124 pio
1138 1071 1264 1112 refert
1295 1084 1432 1125 papae,

458 1143 603 1184 Postea
637 1142 760 1183 etiam
795 1155 872 1182 non
904 1142 1052 1183 celavit
1084 1143 1265 1196 graciam

529 1213 627 1254 olim
658 1213 757 1254 facti
789 1213 873 1254 voti
905 1213 969 1254 vel
1001 1213 1151 1254 ostensi
1182 1213 1260 1254 loci
1277 1214 1305 1263 4,

459 1283 636 1336 Querens
669 1285 758 1337 post
789 1284 971 1338 graciam
1003 1284 1080 1326 Dei
1111 1284 1384 1337 apostolicam,

533 1368 610 1408 qua
641 1355 850 1408 implesset
881 1357 1031 1405 votum,
1069 1368 1146 1408 qua
1178 1355 1389 1396 fundasset
1419 1355 1565 1397 locum.

456 1425 603 1460 Invenit
629 1436 765 1470 quoque
792 1427 874 1467 iani,
901 1437 1007 1470 quani
1033 1425 1200 1470 quesivit,
1230 1426 1388 1469 gratiam

528 1484 619 1529 apud
646 1487 807 1519 sanctum
834 1485 949 1519 virum
976 1485 1196 1529 Leonemque
1222 1485 1331 1529 pium,

457 1543 526 1586 Qui
552 1544 644 1577 hunc
671 1555 692 1577 v
704 1544 743 1577 el
770 1543 927 1584 audiens,
955 1554 975 1577 v
986 1544 1028 1578 01
1054 1547 1174 1578 sancto
1201 1545 1246 1578 in
1257 1546 1274 1578 t
1285 1544 1375 1578 0110
1385 1554 1435 1588 ge
1447 1555 1470 1578 n
1481 1554 1497 1577 s

530 1602 552 1636 S
563 1614 585 1647 p
596 1603 633 1636 ir
643 1603 655 1636 i
665 1605 681 1636 t
690 1613 712 1636 11
737 1601 884 1636 docente
894 1629 904 1645 ,
931 1604 1006 1647 qui
1018 1602 1039 1636 d
1065 1605 1242 1647 gestasset
1268 1605 1398 1645 mente,

387 1684 395 1692 ·
458 1662 587 1697 Omnia
613 1661 764 1705 integre,
791 1661 909 1695 omnia
936 1673 1039 1706 quam
1067 1663 1195 1696 intime

528 1721 561 1755 ei
587 1723 623 1755 et
648 1722 821 1754 concessit
847 1722 955 1765 atque
982 1720 1221 1756 benedixit.

458 1779 740 1814 Preciosissimas
767 1781 939 1814 concessit
964 1791 980 1814 r
992 1780 1055 1814 eli
1067 1792 1088 1825 q
1098 1781 1174 1814 uia
1187 1792 1202 1815 s
1215 1808 1221 1821 ‚

529 1850 667 1896 quibus,
701 1853 819 1893 quem
851 1840 1074 1894 fUHdstSSssss,
1106 1852 1221 1885 10011111
1247 1850 1452 1891 dedicasset,

458 1911 515 1953 Ut
546 1910 768 1964 patrocinio
801 1911 906 1951 esset
938 1911 1204 1965 congregacio

529 1983 588 2024 ibi
619 1981 903 2036 congreganda
935 1995 1082 2036 magno
1115 1982 1399 2032 conservanda,

458 2053 583 2095 Dedit
616 2053 674 2094 de
707 2052 991 2106 sanguine,
1028 2053 1096 2105 qui
1127 2053 1244 2094 fiuxit
1275 2053 1323 2094 de
1356 2064 1516 2106 corpore

530 2125 679 2165 mortui
711 2124 754 2164 111
787 2135 902 2165 cruce
933 2124 1076 2165 mundi
1107 2137 1178 2177 pro
1211 2124 1354 2175 salute,

458 2206 616 2241 Dederat
642 2206 762 2246 etiam,
795 2195 952 2248 partem
985 2195 1104 2236 lactis
1136 2195 1316 2248 aliquam

530 2277 682 2321 virginis
707 2276 905 2317 Mariae,
933 2277 1008 2310 eius
1035 2277 1161 2310 matris
1194 2265 1321 2307 mira&
1336 2266 1364 2306 5-

459 2337 492 2379 0
525 2337 739 2391 gloriosius
772 2337 868 2390 quid
900 2337 965 2379 vel
997 2337 1214 2390 preciosius

529 2410 605 2451 hac
636 2411 777 2460 matre,
811 2410 886 2451 hac
918 2409 1041 2462 prole,
1073 2410 1147 2451 hoc
1179 2409 1244 2451 vel
1276 2409 1349 2450 hoc
1380 2408 1564 2462 liquore?

388 2505 467 2538 917.
493 2503 798 2548 Pprcciosissimas
827 2504 865 2538 Τ.

389 2598 422 2642 1)
449 2598 536 2632 Vita
562 2598 629 2631 III.
658 2608 685 2630 c.
714 2597 767 2631 18.
807 2617 850 2621 —
887 2598 921 2641 2)
947 2597 1078 2631 Matth.
1109 2598 1162 2638 18,
1189 2598 1245 2631 20.
1286 2617 1329 2621 —
1366 2598 1402 2638 3)
1429 2596 1516 2631 Vita
1541 2595 1589 2630 ΙΙ.
1615 2606 1642 2630 c.
1672 2597 1726 2630 13.
1753 2614 1799 2620 —-·

245 2656 283 2700 4)
310 2656 343 2690 S.
371 2656 404 2690 S.
432 2657 500 2690 158
524 2656 566 2690 A.
594 2657 625 2690 1.
667 2676 708 2680 —
748 2656 783 2700 5)
809 2656 864 2690 Ist
899 2656 1131 2690 bekanntlich
1167 2656 1267 2690 nicht
1306 2656 1354 2689 im
1387 2655 1596 2689 wortlichen
1623 2655 1730 2689 Sinne
1757 2665 1800 2689 zu

247 2715 443 2755 verstehen,
471 2714 620 2749 sondern
639 2714 809 2749 bedeutet
838 2715 937 2755 „eine
963 2714 1195 2758 Fliissigkein
1224 2714 1279 2748 die
1307 2725 1368 2748 aus
1386 2714 1465 2749 dem
1486 2713 1612 2748 Felsen
1639 2714 1675 2748 in
1701 2713 1801 2747 einer

246 2773 361 2809 Hohle
388 2775 425 2808 in
459 2774 670 2809 Bethlehem
705 2774 831 2819 quint,
865 2775 902 2809 in
938 2775 1086 2808 welchcr
1118 2774 1175 2808 die
1205 2774 1253 2808 hl.
1287 2773 1465 2818 Jungfrau
1503 2772 1578 2807 sich
1610 2772 1706 2806 einst
1730 2771 1801 2806 mit

247 2831 325 2866 dem
351 2832 598 2867 Jesukindlein
633 2833 827 2877 verborgen
860 2834 1030 2877 gehalten
1068 2833 1183 2868 haben
1220 2833 1306 2868 soll⁶⁶
1337 2833 1481 2879 (Tibus:
1520 2830 1802 2875 Griindungsge·

246 2891 404 2926 schichte
430 2892 458 2926 Ι.
483 2893 553 2927 462
578 2892 619 2927 A.
647 2893 762 2937 1226).
