1801 3213
477 129 576 172 Vita
607 130 776 173 metrica
807 144 839 173 s.
873 130 1081 186 Liudgeri.
1474 130 1559 174 255

7 249 108 292 925.
140 259 196 295 23.
220 248 457 290 Humanum
489 247 728 289 transcendo
767 247 931 290 modum
961 248 1214 292 transcendit
1245 249 1286 291 et
1316 249 1420 290 ille1

219 318 355 360 Ausus
387 317 437 359 ab
469 317 678 360 indomitis
711 330 782 359 sua
812 318 956 360 tollere
987 319 1157 374 pignora
1189 319 1401 361 monstris:

219 388 425 442 Abreptis,
459 388 536 439 dic,
569 401 677 440 ursa,
710 388 806 439 tuis,
840 388 919 440 dic,
953 402 1086 443 queso,
1118 389 1292 441 catellis,

221 459 320 512 Quis
352 459 465 501 dedit
495 459 655 501 innatos
686 459 764 501 tibi
796 472 885 501 mox
915 459 1094 513 posuisse
1125 460 1279 503 furores

220 530 276 572 Te
308 530 492 583 presente
523 530 611 572 tuos
645 531 685 572 et
715 530 846 572 adhuc
877 531 1012 573 aetate
1043 531 1244 573 tenellos?

9 601 108 644 930.
220 600 316 643 Jam
347 601 510 651 tractat,
544 600 626 641 iam
658 601 770 642 veste
801 601 917 655 legit,
951 601 1032 642 iam
1065 602 1196 644 lustra
1227 602 1422 655 relinquit

220 671 403 726 Frigida.
464 671 525 712 Tu
557 672 750 724 sequeris,
783 683 897 714 sacra
928 673 974 713 tu
1005 672 1182 727 vestigia
1213 672 1374 723 lambis,

220 742 331 785 Colle
362 743 470 785 locat
500 742 723 796 ludantque
754 742 879 793 iubet,
915 743 1206 785 desideriorum

220 812 307 864 Vir,
340 826 466 856 novus
498 812 658 868 exurgit
689 813 814 855 michi
846 813 927 855 iam
959 827 1038 855 non
1069 814 1174 857 alter
1205 814 1257 856 ab
1289 814 1373 864 illo,

218 884 295 925 Ille
327 884 527 926 leoninam
559 885 697 926 vatum
731 884 1010 927 sanctissimus
1043 884 1146 926 iram

8 954 107 996 935.
218 947 467 1006 Perdomuit',
500 967 615 998 ursae
646 955 828 1008 plantam
859 957 905 997 tu
941 956 1046 998 lacte
1067 955 1273 1006 fluentem,

219 1026 505 1080 Zelantemque
538 1039 659 1069 novos
690 1027 860 1068 mandas
893 1039 1171 1069 mansuescere
1203 1027 1347 1068 faetus.

9 1097 106 1140 937·
149 1096 419 1131 24.Resisterat
446 1098 548 1131 vetus
575 1096 677 1130 arbor
702 1095 744 1130 de
770 1096 929 1140 pluribus
955 1096 1053 1131 una‘2
1080 1125 1086 1131 .
1116 1123 1123 1131 .
1152 1123 1159 1130 .

10 1156 107 1199 9126.
151 1167 206 1202 25,
220 1157 295 1198 Est
325 1157 453 1207 aliud,
487 1155 700 1198 summista
732 1156 810 1198 Dei
852 1156 956 1209 quod
988 1169 1052 1198 me
1084 1169 1210 1198 novus
1243 1156 1319 1198 iste

222 1227 472 1270 Subticuisse
505 1228 628 1270 vetat.
690 1227 806 1280 Ripis
838 1227 896 1268 ita
929 1240 1049 1269 causa
1080 1228 1226 1282 coegit,

221 1299 397 1352 Lippia3
428 1299 532 1341 forte
563 1298 659 1350 tuis,
694 1310 859 1352 carpens
892 1299 983 1350 iter,
1017 1311 1100 1340 esse
1134 1298 1375 1352 propinquus

221 1369 437 1424 Caeperat;
470 1370 704 1423 impositum
737 1370 916 1411 iumento
953 1370 1058 1411 vidit
1090 1369 1229 1411 eadem

9 1440 107 1483 970.
219 1441 453 1483 Adventare
484 1440 550 1483 via
582 1440 781 1494 quendam
814 1440 1058 1494 iamiamque
1089 1441 1301 1494 parantem

220 1511 460 1566 Oppositum
490 1511 665 1553 transire
698 1511 869 1562 vadum3
902 1511 1101 1554 mittendo
1133 1511 1317 1553 vocavit:

220 1583 352 1625 Affuit
382 1596 428 1625 ac
460 1584 644 1625 sanctus:
680 1583 875 1633 ,Extremi
908 1583 1112 1625 clauditur
1143 1583 1270 1633 hora‘,

220 1654 371 1708 Inquit,
408 1654 506 1705 ,vita
537 1654 628 1704 tibi,
661 1653 778 1705 sicco,
812 1654 946 1705 malis,
979 1666 1028 1695 ne
1061 1654 1258 1707 profundo

221 1725 339 1768 Hanc
369 1725 498 1776 finire,
532 1725 653 1766 datur
684 1724 839 1776 electio,
877 1725 934 1767 sic
965 1726 1103 1766 tamen
1134 1725 1281 1766 hausta

9 1795 108 1838 975.
219 1796 278 1838 Ut
308 1790 458 1850 p'ereat,
492 1796 579 1849 ipsa
612 1808 689 1849 qua
720 1808 793 1837 nec
823 1796 1067 1850 mergendus
1100 1808 1141 1837 es
1172 1794 1308 1836 unda‘.

219 1867 296 1909 Ille
327 1866 427 1908 mori
459 1867 568 1908 terra
600 1866 773 1908 mallens
804 1879 924 1920 quam
954 1866 1142 1908 flumine:
1183 1865 1330 1907 miram

219 1938 322 1980 Rem
354 1938 508 1992 loquar,
541 1938 680 1979 haurit

10 2009 108 2052 978,
151 2008 206 2044 26.
221 2008 329 2042 Plura
355 2007 496 2053 quidem
524 2009 667 2043 sanctae
693 2009 861 2052 poterant
886 2007 1057 2042 miracula
1083 2007 1180 2042 vitae

219 2067 401 2102 Asseribi4
429 2095 435 2101 .
465 2094 472 2101 .
500 2094 507 2101 .

151 2232 337 2268 937—965
362 2233 452 2278 folgyt
476 2233 518 2267 in
542 2232 605 2267 der
628 2231 723 2267 Hcls.
749 2236 820 2267 erst
845 2233 939 2267 nach
966 2243 998 2266 v.
1025 2231 1110 2272 9775
1143 2232 1226 2266 aber
1251 2231 1350 2266 nieht
1376 2231 1467 2266 bloss
1491 2230 1561 2274 for-

9 2292 87 2327 dert
111 2292 175 2327 cler
200 2291 296 2326 ›S‘c'nn
321 2292 398 2326 eine
423 2292 536 2326 solche
567 2291 799 2337 Umstellnny,
839 2292 931 2326 auch
956 2291 1013 2326 (lie
1040 2289 1179 2331 Sehrc'ft
1203 2291 1337 2326 scheint
1361 2291 1411 2325 sie
1437 2300 1482 2324 eu
1505 2301 1562 2335 ye-

10 2355 153 2394 statten,
178 2351 227 2386 cla
252 2351 308 2385 (lie
340 2350 446 2386 Verse
472 2351 659 2386 966—977
684 2362 783 2385 emar
814 2361 882 2385 ron
908 2350 1090 2385 dev-selben
1115 2349 1249 2392 Hand,
1288 2351 1373 2384 aber
1397 2360 1440 2384 zu
1466 2349 1563 2384 einer

10 2410 172 2445 anderen
197 2410 279 2445 Zeit
313 2410 385 2453 auf
416 2411 527 2445 einem
559 2410 733 2445 eunc'ichst
768 2409 1046 2454 freiqelassenen
1082 2408 1223 2443 Ranme
1259 2409 1424 2443 scheinen
1449 2409 1563 2453 οἰηθε-

9 2473 138 2515 traqen
162 2480 207 2504 eu
231 2471 319 2505 sein.
346 2489 390 2494 ——
417 2469 495 2504 975.
523 2480 586 2504 nec
610 2470 697 2505 iiber
731 2469 795 2504 der
819 2468 917 2503 Zeile
941 2468 1036 2502 Hds.
1063 2487 1107 2492 —-
1134 2468 1213 2502 977.
1239 2468 1311 2504 Die
1336 2468 1438 2503 halbe
1466 2467 1564 2502 Zeile

10 2529 87 2564 und
112 2529 168 2564 (lie
194 2529 319 2565 beiden
342 2529 533 2575 folqenclen
557 2529 642 2564 sind
666 2529 900 2574 freiyelassen
924 2528 1018 2562 Hcls.

157 2694 191 2738 1)
217 2692 296 2728 Wie
323 2693 359 2728 in
385 2692 446 2728 der
472 2694 549 2728 vita
574 2693 643 2728 III.
670 2703 697 2727 c.
723 2694 769 2728 39
805 2691 869 2727 auf
892 2692 959 2727 den
994 2702 1056 2726 aus
1090 2691 1150 2726 der
1176 2691 1253 2726 vita
1278 2690 1325 2725 ΙΙ.
1352 2690 1562 2725 entlehnteu

12 2751 156 2787 Bericht
181 2753 259 2787 eine
285 2753 349 2787 auf
370 2752 502 2787 Matth.
531 2753 584 2794 17,
613 2753 655 2787 19
693 2754 874 2796 gestiitzte
911 2751 1155 2796 Lobpreisung
1193 2749 1253 2785 des
1291 2749 1470 2784 Glaubens
1504 2748 1564 2782 des

11 2809 180 2855 Heiligen
205 2811 309 2856 foIgt,
336 2823 373 2847 so
398 2812 476 2847 hier
494 2812 572 2847 eine
597 2801 855 2847 Bewundernde
879 2810 1144 2854 Anerkennung
1171 2809 1231 2844 der
1257 2809 1438 2854 geistigen
1457 2807 1564 2843 Kraft

12 2869 195 2915 Liudgers.
233 2891 276 2896 —
310 2873 345 2917 2)
372 2871 458 2906 Vita
484 2871 550 2906 III.
585 2881 612 2906 c.
639 2872 694 2906 39.
723 2890 765 2895 —
791 2871 827 2915 3)
853 2870 974 2914 Lippe.
1010 2889 1054 2893 —
1086 2870 1123 2913 4)
1149 2869 1236 2903 Vita
1262 2868 1331 2902 III.
1358 2879 1384 2903 c.
1412 2867 1563 2903 40—42.
