1864 3213
433 146 531 188 Vita
562 146 712 201 rythm.
755 160 786 189 s.
821 146 1016 201 Liudgeri
1047 146 1118 191 let.
1148 146 1180 188 I.
1500 146 1585 190 175

242 260 392 297 Redibit
416 263 578 307 protinus
604 264 689 297 tunc
714 262 800 304 sol,
827 261 862 297 id
895 265 949 297 est
974 263 1122 307 populus

313 323 433 356 noster
457 321 684 363 christianus,
723 322 923 367 quamvis
947 322 1203 363 minoratus,

54 380 182 424 1295,
241 379 291 414 Et
315 390 414 414 suam
439 381 595 425 patriam
619 392 681 425 per
706 380 865 415 divinam
895 382 1051 424 graciam

314 439 460 473 tandem
485 439 665 484 optinebit
691 441 728 473 et
759 449 911 484 pacem
937 440 1109 475 habebit.‘

242 496 309 532 His
335 497 441 532 dictis
466 499 594 532 territa
620 501 763 532 sanctae
788 499 919 532 mentis
946 498 1079 533 femina

314 556 427 591 fertur
453 560 490 591 et
515 556 677 591 flevisse
703 559 740 591 et
765 558 814 591 sic
840 557 1079 602 respondisse:

245 614 286 657 ,O
311 615 422 650 frater
448 615 600 657 domine,
627 616 804 650 utinam
830 617 896 650 sim
922 616 1026 651 hodie

51 676 180 719 1300,
315 674 431 718 magis
456 675 630 709 moritura
655 685 760 719 quam
789 675 852 709 hcc
878 676 1018 710 visura.²

242 732 335 768 Nam
361 736 483 768 sancta
509 733 640 768 femina
666 734 743 768 visa
769 736 825 769 est
850 744 911 779 pro
939 734 1054 768 Frisia

315 792 370 827 vel
395 803 456 837 pro
483 793 694 836 genitali
720 796 829 836 gente
855 794 1002 829 anxiari.

244 851 424 887 Ambobus
449 851 627 892 fientibus,
654 851 823 886 ambobus
848 852 1061 893 dolentibus,

315 911 444 946 iterum
471 912 579 945 sorori
605 911 659 945 ait
684 911 786 945 homo
812 911 899 946 Dei:

54 971 182 1014 1305,
246 970 333 1012 ,His,
359 981 464 1011 soror,
484 969 647 1004 omnibus
673 972 942 1014 supervives
967 970 1138 1012 cladibus,

313 1040 368 1063 me
395 1029 437 1064 de
463 1029 671 1064 moribundo
698 1032 783 1064 tunc
809 1030 925 1064 soluto
951 1030 1105 1065 mundo.‘

246 1088 295 1123 Et
319 1088 406 1122 flens
431 1089 598 1123 acerrime
624 1089 808 1123 salutem
834 1089 1053 1123 miserrimae

316 1148 435 1191 gentis
460 1148 510 1182 sic
536 1147 713 1189 dilatam,
740 1150 885 1192 gentem
910 1149 1018 1183 morti
1044 1148 1177 1188 datam,

244 1207 500 1261 Perpendens
531 1208 694 1261 insuper
726 1208 878 1250 factam
910 1209 1147 1250 notabiliter

55 1278 182 1321 1310.
317 1279 427 1333 regis
458 1279 675 1320 iussionem
709 1292 826 1332 super
858 1279 1074 1330 visionem,

244 1347 301 1382 Ire
327 1347 371 1382 ad
396 1348 561 1392 populum
588 1348 775 1383 avertebat
801 1349 958 1383 animum

318 1408 407 1442 alias
432 1408 549 1442 iturus
575 1407 618 1441 ad
644 1408 771 1442 celeste
797 1419 933 1442 munus.

152 1480 208 1513 26.
246 1467 436 1509 Predicta
469 1468 695 1519 Werthina,
729 1468 912 1521 quamvis
944 1469 1095 1510 Romae
1127 1467 1302 1516 condita,

316 1538 499 1592 quamvis
531 1552 618 1581 eam
651 1540 730 1581 Leo
762 1540 965 1581 stabiliret
997 1540 1081 1581 Deo
1099 1540 1127 1590 ¹,

56 1609 181 1652 1315.
245 1609 440 1662 Quamvis
473 1611 534 1651 est
565 1610 704 1651 ordine
735 1610 948 1652 Benedicti
980 1610 1145 1664 regulae

320 1681 412 1735 lege
445 1681 704 1734 comprobata
736 1681 833 1723 olim
866 1681 1115 1732 confirmata,

248 1750 443 1804 Quamvis
474 1752 578 1793 hanc
610 1752 786 1793 Karolus
822 1751 1040 1804 imperator
1071 1750 1248 1804 optimus

317 1822 360 1863 in'
391 1822 644 1864 advocatiam
667 1823 908 1876 suscepisset
939 1822 1049 1875 piam
1066 1823 1094 1873 2,

248 1892 441 1945 Quamvis
472 1893 748 1936 licenciam
780 1894 846 1934 illi
881 1894 920 1934 et
952 1893 1216 1934 clemenciam

57 1964 182 2007 1320.
318 1963 433 2005 daret
463 1964 716 2018 Agrippinus
747 1963 1082 2005 Hildibaldns
1124 1963 1269 2016 pius3:

247 2034 360 2077 Feris
393 2035 433 2076 et
464 2035 605 2076 avibus
637 2036 772 2090 magis
804 2048 923 2088 quam
955 2034 1187 2077 hominibus

318 2105 450 2147 adhuc
483 2106 543 2147 est
574 2106 734 2148 indulta
765 2119 893 2162 utpute
919 2117 1138 2151 inculta&

246 2174 301 2210 Ad
327 2175 417 2210 hanc
442 2175 497 2210 vir
522 2176 665 2210 Domini
692 2176 850 2211 decrevit
882 2177 954 2212 iam
980 2176 1120 2221 regredi

319 2236 552 2289 noviterque
584 2238 726 2278 natum
758 2237 928 2279 educare
960 2237 1116 2286 locum3

58 2305 184 2349 1325,
243 2304 352 2339 Nam
377 2304 628 2349 predicatio
655 2307 729 2340 eius
756 2306 906 2351 quodam
932 2306 1048 2350 spacio

319 2365 488 2408 temporis
514 2365 655 2407 silebat,
681 2368 723 2400 ut
748 2369 832 2400 tunc
857 2364 1080 2409 suppetebat,

248 2422 297 2457 Et
322 2424 559 2468 occupatio,
586 2435 690 2468 quam
717 2434 882 2459 conversa
907 2425 1007 2458 natio

319 2481 440 2517 sedulo
465 2482 641 2527 poscebat,
667 2483 805 2528 aliquid
830 2483 1001 2518 cessabat.

181 2609 282 2646 1300.
307 2611 427 2646 uisura
460 2622 550 2647 corr.
577 2612 618 2647 in
652 2612 854 2656 inspectura
882 2612 921 2646 T.
958 2630 1001 2635 —
1041 2613 1141 2647 1306.
1179 2622 1235 2647 me
1269 2611 1310 2646 de
1344 2622 1433 2647 corr.
1471 2611 1510 2646 Τ.
1546 2631 1592 2637 -

39 2668 142 2703 1308.
169 2667 230 2704 dil.
255 2679 346 2705 corr.
374 2669 413 2705 T.
442 2690 485 2694 —
513 2671 614 2706 1320.
640 2670 861 2705 hildibaldus
886 2671 965 2715 pius
990 2681 1081 2706 corr.
1112 2670 1151 2705 T.

183 2823 216 2868 1)
241 2823 283 2858 V.
310 2824 378 2859 917
397 2823 431 2858 ff.
462 2842 504 2848 —-
530 2824 565 2868 ⁶2)
591 2823 633 2858 V.
661 2824 752 2859 1155
770 2824 804 2858 ff.
833 2844 875 2848 -—
914 2824 950 2868 3)
976 2823 1058 2867 Vgl.
1085 2821 1148 2857 das
1173 2822 1344 2867 Privileg.
1376 2843 1417 2847 —
1443 2823 1479 2867 4)
1507 2822 1593 2857 Vita

39 2880 108 2916 HI.
134 2891 162 2917 c.
188 2882 243 2917 38.
