1864 3213
271 129 328 171 48
658 127 833 169 Altfridi
862 127 948 170 vita
978 140 1009 171 s.
1042 127 1238 182 Liudgeri
1269 127 1341 170 lib.
1374 127 1430 170 ΙΙ.

269 258 369 300 puer
398 245 470 287 ille
500 245 620 287 tersit
651 245 810 287 oculum
851 244 1119 297 dextrumet
1159 245 1298 299 aperto
1341 258 1385 288 eo
1417 246 1560 288 statim
1591 245 1730 289 videre
1762 259 1835 301 po-

269 316 364 358 tuit.
397 316 531 358 Tersit
562 316 737 357 alterum
770 317 811 357 et
838 315 1030 358 similiter
1062 329 1106 358 eo
1136 317 1315 359 reserato
1347 317 1503 371 accepit
1535 318 1666 359 visum
1700 319 1833 361 excla-

268 400 465 441 mansque
497 400 588 429 cum
621 387 770 441 gaudio
802 386 906 427 dixit
937 399 978 428 se
1011 387 1118 429 clare
1149 400 1265 441 posse
1286 387 1435 430 videre.
1470 387 1556 440 Quo
1587 389 1728 443 agnito
1759 402 1832 443 pa-

268 459 426 501 rentesa
457 472 549 501 cum
580 458 739 500 familia
771 457 953 499 inmenso
985 458 1132 512 repleti
1163 459 1257 500 sunt
1289 459 1438 513 gaudio
1469 460 1509 501 et
1537 459 1834 503 benedixerunt

267 529 445 581 Deum,
479 530 547 583 qui
577 542 648 583 per
680 541 839 571 servum
873 541 991 570 suum
1033 529 1120 571 tam
1153 529 1285 571 subito
1326 530 1544 572 sanitatem
1585 543 1707 584 puero
1738 544 1832 585 pre-

267 601 375 643 stare
409 601 600 655 dignatus
633 600 707 642 est.
761 599 838 642 Sed
884 600 925 641 et
969 600 1167 653 promissa
1200 600 1447 654 complentes
1478 601 1529 642 ad
1562 602 1830 644 memoratam

267 670 507 713 aecclesiam
551 670 823 724 perduxerunt
869 682 961 712 eum
995 671 1035 712 et
1070 683 1161 712 cum
1193 671 1286 713 voto
1317 671 1606 726 gratulationis
1639 672 1833 728 designa-

266 744 413 786 verunt
445 750 562 784 eumc
594 742 708 784 nulla
739 741 944 796 vestigiad
976 742 1164 784 laesionis
1197 742 1415 784 habentem
1446 742 1490 783 in
1521 742 1649 784 oculis
1661 750 1689 787 θ,

412 813 478 856 13.
511 813 813 855 Adferebaturf
848 813 1015 855 autemg
1055 813 1193 867 puella
1235 814 1476 867 quaedamh‚
1520 815 1664 868 quami
1704 813 1829 869 longa·

265 884 479 940 aegritudo
511 884 801 938 continuusque
850 884 961 926 dolor
1007 884 1268 938 paraliticam
1314 884 1508 936 fecerant,
1557 896 1658 938 quae
1701 884 1828 927 etiam

264 956 442 999 brachiis
474 956 664 998 assiduek
695 956 837 1009 caputl
875 956 1137 1014 consueverat
1169 956 1496 1010 constringerem,
1530 955 1597 998 cui
1626 956 1828 997 maximus

264 1028 532 1070 incubueratn
563 1027 688 1077 dolor,
721 1027 781 1068 ita
814 1027 888 1068 ut⁰
921 1027 970 1068 de
1001 1027 1163 1069 cerebro
1196 1040 1314 1069 sonus
1347 1027 1463 1081 quasi
1494 1027 1641 1069 sibilus
1672 1027 1828 1081 potuis-

263 1099 326 1142 set
357 1098 532 1140 audirip.
587 1097 766 1152 Cumque
798 1098 840 1139 in
873 1097 1005 1152 cripta
1048 1111 1151 1140 nova
1191 1098 1393 1140 necdumq
1423 1099 1589 1152 peracta
1621 1098 1674 1140 ad
1705 1098 1830 1152 pedes

263 1169 599 1223 sacri,sepu10rir
629 1169 853 1224 Liudgeris
883 1169 1040 1210 Deum'⁶
1070 1169 1265 1224 rogatura
1293 1169 1571 1223 deponeretur,
1604 1170 1710 1211 mira
1740 1182 1827 1212 om-

262 1241 482 1295 nipotentis
514 1241 592 1283 Dei
623 1240 759 1295 gratia
804 1240 980 1282 surrexit
1026 1241 1217 1283 continuo
1265 1241 1438 1283 curatau
1485 1242 1594 1283 omni
1624 1240 1829 1295 pristinav

263 1312 476 1354 debilitate
508 1311 682 1365 corporis
694 1320 731 1363 W,
764 1311 833 1352 etX
863 1311 1106 1353 benedicens
1139 1311 1301 1354 Deumy
1332 1312 1434 1353 abiit
1465 1311 1675 1354 incolomis
1686 1320 1714 1354 Ζ.

409 1385 462 1424 14
474 1391 501 1424 2.
537 1381 721 1437 Contigit
752 1382 914 1424 cuidam
948 1381 1063 1424 virob
1098 1382 1147 1424 de
1180 1382 1352 1425 Saxonia
1384 1382 1461 1424 dec
1491 1382 1591 1434 loco,
1624 1383 1693 1436 qui
1725 1381 1830 1424 dici-

260 1455 328 1497 tur
360 1454 648 1506 Werthinaffl,
681 1454 727 1495 ut
756 1466 827 1507 per
857 1453 1166 1507 temptationem
1190 1453 1306 1495 fieret
1326 1453 1471 1496 surdus
1502 1453 1563 1495 ita
1584 1453 1631 1494 ut
1661 1452 1824 1495 nullum

260 1526 423 1569 omnino
455 1538 596 1567 sonum
628 1524 793 1566 auribus
825 1525 999 1578 caperet.
1055 1523 1134 1577 Qui
1172 1532 1292 1567 cume
1338 1524 1409 1566 diu
1456 1524 1643 1567 funditus
1690 1524 1825 1568 officio

263 1597 418 1640 careret
449 1595 622 1647 aurium,
654 1595 820 1637 tandem
853 1608 922 1649 spe
954 1594 1272 1649 recuperationis
1295 1595 1439 1638 ductus
1461 1596 1646 1650 pervenit
1676 1596 1729 1638 ad
1761 1608 1823 1637 se-

261 1669 478 1722 pulchrum
509 1667 586 1709 Dei
617 1667 764 1708 famuli
795 1666 1032 1722 Liudgerif‚
1076 1679 1245 1721 cumque
1277 1667 1398 1722 signa
1428 1667 1481 1709 ad
1512 1667 1729 1709 nocturnas
1760 1665 1827 1709 vi·

356 1792 373 1810 ³
397 1795 471 1829 par.
496 1784 571 1820 eius
593 1784 646 1819 W.
674 1804 716 1809 —-
743 1784 760 1810 b
786 1783 967 1818 dominum
982 1784 1019 1819 S.
1047 1804 1090 1808 —
1117 1791 1131 1810 c
1156 1783 1260 1818 illum
1277 1784 1323 1818 P.
1346 1803 1389 1808 —
1415 1783 1433 1810 d
1458 1784 1563 1828 signa
1589 1784 1642 1819 W.
1670 1802 1714 1808 --
1739 1791 1756 1810 θ
1782 1784 1821 1819 in

262 1853 311 1878 oc.
336 1843 418 1878 hab.
446 1843 499 1878 W.
528 1863 571 1868 -—
595 1843 610 1869 f
632 1842 855 1878 Offerebatur
880 1841 934 1878 W.
960 1843 1014 1884 P;
1041 1842 1256 1877 afferebatur
1281 1842 1333 1878 N.
1361 1842 1401 1878 O.
1426 1842 1470 1878 U.
1498 1843 1538 1879 T.
1567 1842 1607 1888 Q.
1633 1843 1683 1878 E.
1711 1842 1755 1878 G.
1775 1863 1820 1869 -

261 1910 280 1936 g
303 1903 331 1946 f.
357 1902 408 1937 N.
436 1901 477 1937 O.
503 1902 549 1937 P.
577 1902 617 1948 Q.
645 1922 687 1927 —
713 1902 732 1928 h
749 1913 804 1947 qu.
825 1913 858 1947 p.
875 1902 923 1938 A.
949 1901 1001 1936 H.
1029 1922 1071 1926 —
1099 1902 1109 1928 i
1133 1906 1218 1938 statt
1249 1901 1363 1937 Adfi-
1382 1912 1512 1947 quam:
1537 1902 1658 1937 Aliam
1683 1913 1823 1948 quoque

260 1961 417 2006 puellam
433 1961 470 1996 J.
497 1962 537 1996 V.
557 1961 606 1996 X.
631 1961 673 1996 Υ.
689 1961 731 1996 Z.
757 1961 825 1997 Br.
846 1981 889 1986 —
908 1961 927 1987 k
944 1962 1111 1996 continue
1134 1961 1187 1996 W.
1204 1981 1247 1985 —-
1265 1961 1275 1987 l
1293 1963 1399 2006 caput
1416 1972 1482 1996 ass.
1501 1962 1547 1996 P.
1568 1982 1611 1987 —
1637 1970 1664 1988 ¹11
1690 1964 1818 1997 constr.

261 2031 354 2055 cons.
381 2021 434 2056 W.
454 2041 497 2046 —
516 2029 535 2047 11
551 2019 731 2055 insederat
752 2020 799 2055 A.
812 2019 863 2055 H.
890 2040 933 2045 —
961 2028 976 2047 0
1003 2022 1145 2055 tantum
1161 2021 1290 2065 quippe
1308 2020 1552 2065 cephalalgiae
1577 2020 1733 2056 dolorem
1757 2032 1825 2067 pa-

260 2080 421 2116 tiebatur
445 2080 482 2116 J.
509 2080 575 2115 Br.
604 2100 647 2105 -
672 2087 689 2112 Ρ
715 2090 804 2115 corr.
824 2091 892 2115 aas
909 2078 1030 2114 audire
1048 2079 1094 2114 L.
1114 2099 1157 2104 —
1176 2087 1194 2112 ‘1
1210 2078 1366 2113 nondum
1384 2079 1428 2116 A.
1453 2079 1506 2114 H.
1525 2099 1569 2104 —
1594 2087 1609 2107 1·
1633 2079 1678 2115 ad
1703 2073 1819 2125 sepul-

261 2149 358 2174 crum
384 2140 437 2175 W.
460 2159 502 2164 —
520 2147 534 2166 S
559 2139 667 2183 Lutg.
695 2139 748 2175 W.
774 2140 811 2174 P
818 2153 827 2182 ;
847 2138 960 2184 Ludg.
979 2139 1024 2174 N
1029 2153 1039 2181 ;
1057 2143 1143 2175 statt
1158 2138 1549 2184 necdum-Liudgeri:
1568 2151 1657 2185 quae
1675 2139 1721 2174 ad
1737 2151 1770 2185 p.
1789 2151 1816 2176 s.

260 2211 331 2245 sep.
357 2199 468 2235 fiebat
491 2200 529 2236 J.
555 2199 623 2236 Br.
650 2220 692 2224 —
718 2200 731 2226 t
756 2199 939 2234 dominum
963 2199 998 2235 S.
1027 2220 1071 2224 —
1096 2207 1116 2226 τι
1154 2199 1205 2235 W
1221 2210 1249 2235 s.
1274 2200 1317 2235 h:
1342 2198 1408 2241 ab;
1437 2210 1524 2234 surr.
1550 2210 1637 2235 sana
1660 2201 1754 2234 cont.
1781 2200 1819 2234 et

260 2270 330 2295 cur.
357 2259 403 2294 A.
421 2259 472 2294 H.
499 2279 544 2283 —
567 2267 585 2286 v
607 2259 634 2303 f.
671 2259 723 2294 W.
764 2279 807 2284 —
845 2267 869 2285 W
895 2270 985 2304 corp.
1012 2258 1090 2294 deb.
1116 2258 1163 2293 A.
1189 2258 1241 2294 H.
1280 2278 1325 2283 -—
1361 2266 1379 2284 1
1402 2258 1431 2303 f.
1468 2258 1515 2293 A.
1541 2258 1593 2293 H.
1632 2277 1676 2283 -
1713 2266 1732 2292 y
1756 2257 1818 2293 do-

259 2319 396 2353 minum
423 2318 460 2355 S.
489 2339 532 2344 -—
557 2327 572 2345 Ζ
598 2319 783 2354 incolumis
817 2319 871 2353 W.
897 2318 935 2354 S.
961 2318 1013 2355 N.
1039 2319 1084 2354 P.
1113 2339 1157 2343 —-
1195 2326 1212 2345 a
1242 2329 1323 2364 cap.
1348 2320 1392 2353 14
1414 2318 1442 2362 f.
1467 2317 1514 2354 A.
1540 2317 1592 2352 H.
1620 2337 1665 2342 —
1688 2317 1706 2343 b
1731 2321 1819 2354 state

258 2378 506 2414 eona—viro:
531 2378 596 2413 Vir
621 2377 764 2424 quidam
789 2378 826 2414 J.
860 2378 900 2413 V.
927 2378 976 2413 X.
1010 2378 1052 2413 Υ.
1079 2378 1122 2413 Ζ.
1148 2378 1216 2413 Βν.
1248 2398 1293 2403 -
1326 2385 1342 2404 0
1378 2377 1417 2412 in
1463 2376 1517 2413 W.
1558 2375 1595 2412 G.
1632 2376 1672 2413 J.
1699 2376 1740 2411 T.
1772 2376 1821 2412 U.

265 2438 307 2472 V.
335 2437 383 2472 X.
416 2438 458 2472 Y.
485 2438 527 2473 Z.
553 2437 620 2472 Br.
659 2457 703 2462 —
741 2437 758 2463 ἃ
783 2436 927 2472 Werina
952 2449 985 2472 a.
1012 2437 1059 2472 R.
1085 2437 1139 2479 133
1164 2437 1310 2472 Werina
1335 2436 1372 2472 S.
1401 2435 1438 2473 C.
1469 2435 1507 2471 J.
1543 2436 1585 2472 V.
1619 2436 1669 2471 X.
1701 2435 1746 2471 Y.
1771 2435 1819 2472 Z.

257 2496 337 2538 Br3
355 2497 486 2531 Werna
522 2496 629 2540 Oine,-
646 2496 688 2531 de
706 2496 1095 2532 Saxonia—Werthina
1119 2497 1146 2541 f.
1172 2496 1223 2532 N.
1256 2495 1298 2532 0.
1327 2496 1374 2531 Ρ.
1402 2495 1442 2542 Q.
1469 2514 1509 2521 —
1541 2502 1557 2522 e
1583 2494 1666 2530 dum
1691 2494 1742 2530 N.
1767 2495 1818 2530 P.

259 2576 304 2583 —
328 2557 344 2582 f
365 2557 473 2601 Lutg.
508 2557 562 2592 W.
587 2557 645 2599 P;
670 2556 786 2601 Ludg.
811 2556 861 2592 N.

401 2710 436 2755 1)
461 2709 589 2745 Werne
614 2709 673 2745 bei
698 2709 987 2754 Liidinghausen,
1026 2721 1077 2745 wo
1116 2708 1173 2744 die
1197 2707 1308 2744 Abtei
1345 2707 1497 2743 Werden
1535 2707 1615 2742 laut
1639 2706 1700 2742 des
1724 2706 1815 2741 alte-

257 2772 338 2806 sten
362 2769 633 2813 Heberegisters
658 2769 761 2804 einen
787 2769 861 2804 Hof
883 2770 1025 2811 besass‚
1064 2768 1131 2803 den
1165 2770 1284 2813 spater
1309 2768 1554 2812 sogenannten
1591 2764 1814 2810 Abdinghof,

257 2829 331 2873 vgl.
358 2828 447 2863 auch
472 2827 528 2863 die
555 2828 638 2862 Urk.
666 2839 733 2863 von
759 2828 830 2863 834
854 2828 943 2863 Nov.
970 2830 1026 2863 23.
1053 2827 1275 2873 (Lacomblet
1300 2826 1343 2861 U.
1361 2826 1402 2862 B.
1427 2827 1455 2861 Ι.
1475 2826 1542 2868 48;
1560 2824 1697 2860 Erhard
1722 2825 1810 2868 Reg.

259 2888 362 2933 750);
389 2887 477 2922 doch
502 2887 606 2922 hatte
631 2886 687 2922 die
712 2887 822 2923 Abtei
848 2887 938 2923 auch
963 2888 1041 2923 eine
1065 2887 1262 2931 Besitzung
1277 2886 1316 2921 in
1342 2885 1404 2921 der
1422 2883 1659 2921 Bauerschaft
1683 2883 1813 2919 Werne

255 2945 316 2982 bei
340 2946 505 2982 Bochum.
