1801 3213
114 149 218 190 «296
809 149 999 203 Anhang.

132 265 175 306 ni
206 265 322 307 modo
354 266 397 306 in
428 265 566 306 limine
614 265 793 319 Ludgeri
839 278 1052 307 conversus
1098 266 1250 308 staret‘.
1313 267 1446 309 Ambo
1486 268 1594 309 enim
1626 269 1687 310 hii

131 337 292 378 fuerant
324 335 509 378 monachi
549 335 591 376 111
623 336 864 377 monasterio
910 336 1147 378 confessoris
1194 337 1391 390 predicti,
1438 338 1507 391 qui
1553 339 1685 381 locum

131 407 238 448 hunc
269 406 547 449 Helmanstidi
588 407 773 449 vocatum
806 407 1096 460 proprietatate
1137 420 1209 449 sua
1251 409 1475 450 construxit
1505 410 1682 463 tempore

130 477 275 519 Karoli
305 477 560 531 imperatoris
593 477 745 532 magni,
785 487 898 522 frater
939 487 1150 532 Hildigrimi
1193 489 1488 525 Cathelaunensis
1531 491 1683 536 episcopi

131 561 344 604 sanctaeque
369 558 681 593 Halverstadensis
708 558 895 593 aecclesiae
922 559 1067 593 rectoris
1092 560 1210 603 primi,
1237 563 1357 603 quam
1381 551 1513 592 tenuit
1534 553 1591 593 47
1613 565 1684 594 an-

131 632 203 662 nos
235 620 444 662 discedens
476 621 526 662 ab
557 620 630 661 hoc
669 619 818 670 seculo,
850 620 1046 673 regnante
1077 620 1175 662 tunc
1205 621 1413 664 Luduvico
1444 622 1684 675 imperatore

130 690 209 744 pio,
244 691 465 734 dominicae
498 690 792 733 incarnacionis
826 691 924 733 827.
956 703 1073 732 anno.
1117 691 1314 734 Liuderus
1355 694 1492 734 autem
1532 692 1684 746 primus

131 761 661 816 Mirmingerdaevordensis
685 761 903 803 aecclesiae
926 763 1063 814 pastor
1079 774 1102 802 a
1126 761 1266 804 Carolo
1283 775 1415 805 cesare
1438 763 1602 805 effectus
1624 764 1685 805 est

131 834 172 874 et
203 833 352 885 optime
397 833 582 874 ordinata
625 833 773 874 suimet
814 832 1026 886 parrochia
1068 833 1107 874 et
1138 832 1224 875 loco
1255 834 1488 876 Wirdunun
1519 847 1565 876 ex
1595 847 1685 888 pro-

130 901 230 954 priis
262 904 488 945 constructo
520 904 697 957 inpensis
730 917 834 945 anno
866 903 1091 945 dominicae
1125 905 1223 946 808.
1256 906 1483 958 praemium
1515 906 1685 948 coeleste

132 973 296 1026 recepit.

274 1044 504 1087 Chronik
538 1047 646 1087 VII.
681 1048 745 1088 41
766 1048 801 1087 ¹:
865 1046 1087 1099 Imperator
1129 1046 1363 1100 (Heinricus
1395 1047 1469 1102 II.)
1504 1081 1512 1089 .
1548 1081 1556 1088 .
1589 1061 1686 1101 pen-

129 1116 309 1157 tecosten
340 1117 382 1157 in
414 1117 660 1168 Wirthunu,
694 1131 815 1171 quam
848 1118 976 1170 primo
1018 1118 1180 1159 sanctus
1212 1117 1289 1159 Dei
1331 1119 1514 1160 sacerdos
1547 1118 1687 1160 Lindi-

130 1199 251 1240 gerus
284 1187 365 1229 suis
398 1189 620 1230 construxit
652 1189 843 1242 inpensis,
877 1188 1163 1230 venerabiliter
1194 1188 1429 1231 celebravit.

274 1274 311 1314 0'.
373 1272 605 1313 Annales
646 1271 972 1313 Altahenscs
1015 1271 1296 1313 1nai0res2:
1331 1273 1430 1313 811.
1479 1272 1685 1325 Depositio

131 1341 261 1383 sancti
294 1342 501 1397 Liudgeri.

276 1425 310 1466 7.
375 1426 610 1467 Annales
643 1425 986 1467 Colonienses
1004 1425 1041 1465 3:
1077 1426 1175 1466 509.
1199 1425 1411 1467 Transitus
1434 1439 1464 1468 s.
1487 1425 1685 1480 Luitgeri.

274 1510 312 1548 ὅ.
375 1508 565 1550 Adams
619 1509 782 1551 Gesta
833 1507 1156 1561 pontificum
1210 1509 1686 1563 Hammenburgen-

131 1578 263 1619 sium
296 1579 326 1619 Ι.
366 1581 469 1621 12⁴:
534 1580 683 1622 Unde5
714 1580 915 1622 confessor
947 1579 1024 1621 Dei
1058 1582 1108 1635 (s.
1140 1580 1419 1635 Willehadus)
1453 1580 1583 1621 maius
1614 1579 1686 1621 ad-

130 1648 207 1689 huc
240 1650 397 1692 lucrum
430 1654 644 1705 expectans
677 1651 726 1693 de
758 1651 1014 1693 conversione
1051 1650 1329 1703 plurimorum,
1364 1650 1513 1692 dicitur
1545 1663 1686 1692 secun-

132 1719 228 1761 dum
261 1723 542 1776 euangelicum
574 1724 832 1776 pracceptum
867 1722 916 1763 de
948 1721 1115 1763 civitate
1157 1722 1199 1762 in
1242 1722 1451 1764 civitatem
1485 1721 1640 1776 fugisse
1656 1722 1685 1772 ⁶,

130 1791 396 1846 dispersisque
428 1795 546 1837 sociis
578 1796 629 1837 ad
676 1794 992 1848 praedicandum
1040 1794 1125 1847 ipse
1173 1793 1342 1834 Romam
1391 1793 1547 1834 venisse
1594 1805 1685 1833 cum

130 1862 346 1917 Liudgero.
408 1866 490 1907 Ubi
523 1866 771 1908 sanctissimi
812 1878 937 1919 papae
977 1864 1151 1906 Adriani
1199 1864 1469 1905 consolatione
1515 1862 1687 1904 relevati

131 1933 357 1988 Liudgerus
389 1936 430 1976 in
475 1938 653 1979 montem
701 1937 913 1978 Cassiuum
946 1936 1111 1978 recessit
1152 1935 1203 1976 ad
1235 1935 1523 1976 confessionem
1554 1934 1686 1976 sancti

131 2004 355 2057 Benedicti,
389 2008 646 2050 Willehadus
679 2009 721 2049 in
744 2008 923 2050 Galliam
950 2007 1161 2061 repedavit
1192 2007 1244 2048 ad
1276 2005 1533 2058 sepulchrum
1555 2005 1687 2047 sancti

131 2075 439 2121 WillebrordiT.
474 2080 615 2133 Itaque
648 2080 855 2121 biennium
878 2080 1045 2132 uterque
1076 2077 1223 2119 reclusi
1256 2076 1593 2129 contemplativae
1625 2075 1686 2118 vi-

131 2148 196 2188 tae
228 2161 388 2201 operam
422 2149 587 2201 dabant,
621 2150 802 2203 adprime
834 2150 995 2190 orantes
1030 2161 1100 2202 pro
1142 2148 1462 2201 persecutoribus
1495 2148 1534 2188 et
1565 2148 1686 2201 gente

132 2220 344 2271 Saxonum,
383 2234 431 2262 ne
464 2221 615 2263 iactum
648 2223 691 2263 111
713 2221 770 2262 eis
802 2233 938 2262 semen
969 2220 1082 2261 verbi
1103 2220 1180 2260 Dei
1211 2219 1401 2260 inimicus
1432 2218 1550 2260 homo
1582 2218 1687 2259 ziza-

131 2291 210 2332 niis
242 2292 444 2345 oppleret,
491 2293 783 2346 impletumque
829 2292 872 2332 in
918 2291 977 2333 eis
1020 2292 1103 2341 est,
1151 2290 1256 2343 quod
1297 2290 1496 2343 scriptura
1527 2288 1685 2331 dicit8:

137 2362 338 2412 „Multum
372 2364 481 2405 valet
513 2364 740 2417 deprecatio
772 2364 871 2405 iusti
902 2363 1107 2405 assidua“.
1156 2361 1268 2402 Haec
1301 2360 1350 2402 de
1372 2359 1457 2401 vita
1488 2360 1600 2401 eius⁹
1632 2359 1686 2401 ad

131 2446 293 2475 sensum
325 2436 510 2487 excerpta
542 2435 797 2488 protulimus.

276 2612 310 2654 1)
338 2611 492 2647 SS.111.
525 2612 595 2646 854
634 2631 675 2634 —
713 2621 749 2644 es
784 2621 854 2644 war
894 2611 983 2645 1017
1017 2609 1104 2643 Juni
1131 2610 1162 2643 9.
1199 2628 1242 2632 —
1282 2610 1317 2649 2)
1345 2608 1403 2642 SS.
1430 2607 1507 2641 XX.
1536 2607 1612 2642 784.
1641 2626 1685 2630 -—

129 2672 165 2715 3)
193 2670 252 2705 SS.
280 2671 307 2704 Ι.
336 2671 391 2704 97.
411 2691 452 2694 -
471 2671 507 2713 4)
533 2671 592 2705 SS.
620 2670 700 2705 VII.
726 2671 805 2704 ⁶288.
830 2690 872 2694 —
891 2671 926 2710 5)
954 2669 1019 2704 Bei
1044 2668 1122 2702 <lem
1140 2667 1457 2702 Widukindischen
1483 2665 1684 2700 Aufstande

131 2741 198 2764 von
227 2730 304 2764 182.
331 2749 374 2755 ——
403 2730 437 2773 6)
463 2729 595 2763 Matth.
626 2731 680 2769 10,
708 2730 752 2764 23
778 2729 868 2763 nach
893 2728 1050 2762 Anskars
1070 2728 1147 2761 vita
1173 2738 1199 2761 3.
1226 2725 1420 2760 Willehadi
1445 2723 1473 2760 c'.
1500 2726 1521 2760 6
1546 2725 1608 2760 SS.
1635 2725 1683 2760 ΙΙ.

130 2789 210 2829 382,
238 2789 352 2822 wolrer
378 2788 466 2822 auch
492 2787 550 2822 die
575 2788 744 2823 weiteren
762 2787 1002 2822 Nachrichten
1030 2786 1115 2821 iiber
1133 2785 1201 2820 den
1227 2786 1275 2820 hl.
1294 2784 1474 2819 Willehad
1499 2784 1686 2829 geschepft

130 2847 221 2882 sind.
260 2869 303 2874 —
342 2848 375 2890 7)
402 2849 634 2883 Echternach.
676 2867 719 2872 ——
755 2848 791 2891 8)
817 2847 949 2881 Matth.
977 2847 1031 2887 13,
1067 2846 1130 2886 ‘25;
1164 2845 1238 2880 Jac.
1266 2846 1299 2886 ἴ),
1327 2846 1381 2879 16.
1410 2863 1453 2868 --
1494 2845 1529 2888 9)
1555 2844 1629 2878 scil.
1656 2855 1683 2879 3.

129 2907 335 2942 Willehadi.
