1864 3213
222 131 304 172 102
669 128 767 170 Vita
800 127 875 169 III.
909 139 941 170 s.
974 126 1170 181 Liudgeri
1200 126 1272 168 lib.
1304 126 1337 167 Ι.

217 247 351 290 vicina
384 248 440 290 eis
473 246 641 289 flumina
673 245 916 295 clauserant,
960 244 1026 286 vel
1057 244 1164 287 bello
1196 245 1260 287 vel
1293 243 1508 300 naufragio
1539 244 1605 287 vel
1637 245 1774 287 morbo

219 319 284 361 vel
317 331 565 372 quocumque
596 317 677 359 alio
709 317 845 358 morbo
885 316 1144 369 consumptis.
1208 315 1296 368 Qua
1343 315 1386 356 in
1431 328 1474 357 re
1522 315 1776 358 considerare

219 390 486 444 diligentiusa
531 389 646 439 libet,
695 387 868 441 quantae
901 385 1132 428 sanctitatis
1181 386 1221 428 et
1262 385 1401 429 meriti
1431 386 1495 428 vir
1531 387 1637 429 isteb
1668 387 1776 441 apud

219 461 374 502 DeumC
406 460 584 511 fueritd,
633 458 699 501 cui
747 458 812 499 ete
854 457 1145 511 superventura
1192 457 1302 499 mala
1348 457 1526 499 ostendit
1569 458 1776 500 ettamen

221 532 319 574 haec
351 531 393 573 in
425 531 566 573 diebus
599 530 708 572 suisf
737 529 868 571 noluit
899 528 1061 570 evenire
1074 537 1103 570 g.
1139 561 1147 569 .
1183 561 1193 571 .
1228 561 1236 569 .

359 602 416 637 26.
466 602 518 636 De
545 600 746 635 ostensione
772 598 948 634 fundandi
973 598 1182 634 monasterii
1193 598 1222 633 h.
1251 598 1373 643 Igitur
1398 600 1542 634 sanctus
1567 598 1778 643 Liudgerusi

220 661 265 696 fu
276 663 405 696 turam
431 671 464 694 m
476 660 680 695 aritimae
706 658 904 703 regionis
930 657 951 692 d
963 658 1130 693 esolati
1142 669 1194 693 on
1206 669 1267 693 em
1302 658 1593 702 recognoscensk‚
1620 659 1777 693 animum

219 720 361 766 quidem
399 719 443 755 ab
482 717 716 754 aedifficando
754 717 806 752 ibi
831 717 1048 752 monasterio
1074 717 1267 759 revocavit,
1306 717 1379 753 sed.
1405 717 1481 752 ubi
1518 728 1565 752 co
1579 730 1602 753 n
1615 730 1630 753 s
1644 720 1779 753 truere

220 793 415 836 posset1‚
442 790 584 825 sedulus
603 789 790 824 tractavit.
824 778 967 831 Itaque
998 778 1252 820 accessibilia
1288 778 1413 820 maris
1445 777 1658 821 vicinitate
1689 791 1780 832 pre-

222 852 391 894 donibus
423 851 511 893 loca
557 851 717 892 omnino
764 849 964 900 devitans,
996 849 1265 902 persuadebat
1313 849 1516 904 religiosis
1563 850 1603 892 et
1647 851 1779 892 Deum

221 923 482 965 timentibus¹
514 921 706 976 personis,
755 920 801 961 ut
847 920 881 962 si
926 919 1023 974 quid
1056 920 1104 962 de
1136 920 1378 962 heredi-tatis
1410 933 1505 963 suae
1535 921 1780 975 proprietate

221 994 298 1036 Dei
331 993 496 1036 servitio
527 992 688 1034 tradere
719 991 922 1043 vellentm‚
954 991 1028 1033 hoc
1059 991 1102 1032 in
1133 991 1247 1033 illisn
1278 991 1459 1034 facerent
1492 992 1594 1035 locis
1607 1001 1637 1044 0,
1672 1001 1779 1047 quop

222 1065 397 1119 impetus
429 1063 647 1119 gentilium
679 1062 883 1117 attingere
915 1062 1097 1116 nequiret
1110 1070 1138 1103 sl.
1192 1062 1311 1105 Unde
1344 1075 1434 1105 cum
1472 1076 1518 1105 ex
1549 1063 1782 1106 huiusmodi

222 1136 345 1178 locist
365 1158 491 1181 unus
517 1146 562 1180 in
588 1145 915 1181 Wihtmundis
942 1146 1070 1180 iuxta
1096 1146 1277 1181 fluviumt
1306 1146 1454 1188 Isla¹1‚
1481 1147 1614 1182 alter
1639 1147 1675 1181 in
1694 1146 1780 1188 loco,

224 1219 307 1264 qui
333 1218 385 1253 ad
411 1228 572 1253 cruces
598 1217 800 1259 dicitur,
828 1217 929 1252 iuxta
965 1216 1194 1251 fluviumv
1220 1217 1434 1262 Arnapaw
1474 1207 1527 1249 ad
1573 1207 1780 1261 reliquias,

225 1301 334 1335 quas
372 1289 425 1324 ab
462 1289 740 1334 apostolico
779 1290 1037 1333 acceperat,
1075 1277 1388 1329 traderentur2,
1437 1278 1480 1319 in
1520 1291 1598 1321 uno
1645 1291 1781 1321 eorum

229 1350 463 1392 monasterii
479 1350 666 1392 inchoare
698 1348 1037 1391 aedifficationem
1049 1358 1066 1376 Χ
1096 1349 1294 1402 pensavit.
1332 1359 1400 1394 Sed
1424 1371 1468 1395 ne
1494 1360 1585 1395 forte
1610 1360 1781 1395 iudicium

225 1431 325 1455 sumn
351 1421 389 1454 in
415 1420 482 1455 loci
509 1420 682 1455 electione
709 1420 853 1461 erraret,
880 1419 947 1453 Dei
974 1430 1077 1464 super
1103 1419 1167 1453 hoc
1194 1419 1417 1454 voluntatem
1443 1419 1693 1454 consulendam
1718 1431 1782 1465 pu·

224 1480 330 1515 tavit.
380 1479 531 1515 Proinde
558 1491 635 1514 cum
660 1479 765 1513 huius
791 1479 841 1513 rei
867 1479 989 1522 gratia
1026 1478 1178 1524 quadam
1204 1481 1306 1513 nocte
1344 1477 1390 1512 ad
1428 1488 1544 1513 cruces
1583 1480 1629 1514 in
1667 1480 1751 1514 niv
1763 1490 1782 1514 e

225 1539 425 1573 maxima
462 1541 704 1583 pernoctaret,
760 1539 933 1574 divina
982 1551 1031 1574 re
1046 1551 1066 1574 v
1081 1539 1290 1574 elatione
1326 1540 1622 1575 monasteria
1637 1552 1671 1575 m
1714 1529 1784 1575 ibi

225 1598 334 1632 etiam
374 1607 492 1632 esser
518 1609 606 1633 non
633 1609 687 1643 po
704 1609 777 1633 sse
803 1608 994 1642 cognov
1011 1599 1088 1639 it2‚
1123 1598 1204 1633 sed
1242 1598 1388 1633 locum
1425 1608 1526 1634 esse³
1564 1600 1610 1634 in
1647 1600 1783 1634 saltu

226 1668 419 1713 quodam
445 1670 573 1704 iuxta
598 1669 821 1705 fluviumb
848 1671 1001 1711 nume,
1036 1661 1104 1713 qui
1137 1660 1395 1715 Widubergd
1437 1662 1698 1705 vocaretur-⁹³:
1730 1673 1783 1718 ip-

226 1739 302 1763 sum
328 1728 557 1763 fundando
583 1731 860 1765 monasterio
888 1730 1063 1765 divinitus
1089 1731 1160 1765 iam
1187 1741 1261 1765 esse
1287 1730 1455 1772 dicatum,
1490 1730 1540 1766 ibi
1567 1732 1783 1768 monasticae

226 1799 453 1844 professionis
478 1800 678 1835 iaciendum
705 1801 777 1836 fore
790 1809 804 1828 e
830 1801 1115 1837 fundamentum.
1155 1801 1184 1845 Q
1198 1813 1221 1837 u
1236 1812 1256 1836 a
1281 1813 1303 1847 p
1317 1812 1363 1836 ro
1376 1813 1397 1847 p
1412 1804 1428 1837 t
1442 1813 1459 1838 e
1473 1814 1508 1845 r,
1555 1804 1646 1834 Cum
1693 1792 1784 1847 dig-

370 1926 385 1944 a
410 1918 453 1952 K
484 1930 511 1954 s.
536 1920 579 1954 h:
604 1930 678 1954 nos.
707 1940 750 1944 ——
784 1920 800 1945 b
825 1920 852 1964 f'.
880 1920 929 1955 K.
958 1940 1000 1944 —
1035 1928 1049 1947 c
1075 1920 1267 1955 Dominum
1292 1920 1329 1956 J.
1355 1920 1405 1955 K.
1432 1941 1475 1947 —
1510 1921 1527 1947 <1
1552 1921 1575 1956 f.
1603 1932 1633 1956 a.
1660 1921 1703 1957 D.
1729 1922 1784 1957 M.

231 1997 271 2001 —
292 1986 306 2003 e
332 1979 359 2021 f.
387 1978 437 2012 N.
462 1998 505 2003 —
532 1978 546 2004 f
569 1979 592 2013 i.
619 1978 652 2013 d.
679 1991 705 2013 s.
732 1980 766 2014 h.
797 1980 836 2014 T.
866 1999 910 2005 —
937 1988 954 2013 g
979 1990 1008 2014 e.
1041 1992 1075 2014 n.
1101 1980 1138 2015 J.
1157 1979 1207 2013 K.
1228 1999 1271 2004 —
1291 1979 1309 2005 11
1326 1979 1637 2016 De—-monasterii
1661 1982 1714 2023 R3
1741 1980 1784 2017 de

229 2040 295 2072 ost.
321 2047 412 2071 mon.
450 2037 495 2072 F.
535 2057 573 2062 —
610 2038 618 2063 i
644 2038 768 2083 Liutg.
804 2039 840 2074 J.
867 2039 922 2081 K3
949 2039 1062 2083 Ludg.
1089 2039 1142 2074 M.
1171 2039 1222 2073 N.
1257 2039 1308 2082 U,·
1345 2039 1484 2084 Ludgh.
1513 2041 1552 2075 T.
1581 2060 1621 2065 ——-
1660 2041 1678 2066 k
1703 2051 1784 2085 cog-

229 2096 588 2132 noscensT.—lt.
616 2097 658 2131 D.
685 2098 722 2133 J.
748 2098 796 2132 K.
825 2099 1033 2142 —mfZJL
1062 2098 1110 2132 K.
1140 2098 1274 2132 -υἱ,
1301 2098 1339 2132 in
1365 2099 1418 2133 M.
1444 2100 1656 2135 N.—01.
1683 2099 1706 2135 f.
1732 2100 1784 2135 N.

232 2156 271 2191 T.
300 2176 344 2181 —
368 2164 386 2189 Ι)
412 2168 478 2202 que
504 2157 554 2191 N.
579 2178 622 2182 —
649 2166 666 2190 (1
691 2158 881 2203 nequirent
905 2159 942 2194 J.
970 2179 1012 2183 —
1039 2167 1052 2185 r
1076 2159 1103 2202 f.
1127 2159 1165 2194 J.
1191 2158 1238 2192 K.
1267 2177 1310 2183 —
1349 2167 1362 2184 S
1387 2158 1603 2194 uuhtmundi
1627 2170 1718 2195 corr.
1744 2160 1785 2194 in

230 2215 382 2250 uuihtm.
412 2216 458 2259 Ο,-
484 2217 618 2251 withm.
653 2217 690 2251 J.
716 2217 758 2251 K
764 2232 772 2259 3
800 2218 926 2252 vithm.
965 2229 1055 2253 corr.
1081 2218 1122 2253 iu
1147 2217 1274 2252 vichm.
1314 2216 1377 2263 M;
1415 2218 1551 2253 wichm.
1586 2218 1636 2253 N.
1672 2219 1712 2253 T.
1740 2239 1783 2243 —

230 2278 242 2302 ’ὓ
266 2276 394 2311 flumen
413 2277 463 2312 N.
484 2298 526 2302 —
551 2286 570 2303 Π
595 2278 688 2312 Islae
713 2278 748 2313 J.
777 2278 835 2320 K;
861 2278 964 2313 Hisla
990 2278 1050 2320 M;
1077 2278 1163 2313 Ysla
1190 2278 1230 2312 T.
1259 2297 1301 2301 ——
1327 2286 1344 2303 V
1367 2277 1497 2312 flumen
1523 2277 1574 2312 N.
1601 2298 1645 2303 —
1669 2285 1694 2303 W
1718 2277 1784 2313 Ar-

231 2346 319 2380 nape
344 2336 380 2371 J.
408 2336 457 2370 K.
486 2357 529 2361 —-
554 2345 571 2362 ³1
597 2336 649 2371 ed.
676 2338 769 2372 inch.
795 2337 849 2372 M.
877 2358 920 2363 -
956 2346 973 2371 y
1011 2348 1085 2373 esse
1121 2349 1149 2372 e.
1187 2337 1241 2371 M.
1270 2357 1313 2362 ·—
1352 2345 1365 2363 z
1390 2337 1518 2381 gnovit
1542 2348 1631 2373 corr.
1658 2336 1712 2372 M.
1739 2355 1783 2362 —-

232 2404 247 2421 a
273 2406 301 2430 e.
328 2396 350 2430 1.
379 2395 427 2430 K.
455 2416 496 2421 —
522 2397 539 2422 b
565 2396 694 2432 flumen
721 2397 770 2432 N.
799 2417 842 2422 —
870 2405 883 2424 0
902 2398 995 2432 Rure
1021 2397 1069 2432 K.
1097 2418 1140 2422 —
1167 2398 1184 2423 d
1210 2386 1396 2441 Widiberg
1422 2407 1512 2432 corr.
1532 2396 1586 2433 M.
1606 2417 1648 2421 —
1676 2404 1691 2423 θ
1709 2407 1784 2431 esse

233 2454 298 2488 iac.
325 2454 377 2488 M.

378 2647 395 2679 1
437 2644 526 2679 Vita
550 2645 598 2679 ΙΙ.
626 2656 653 2679 c.
680 2650 688 2662 ⁴
729 2673 736 2680 .

375 2645 411 2749 2}
437 2704 556 2738 Durch
582 2703 638 2739 die
664 2646 749 2739 111111.
788 2715 855 2739 von
885 2704 952 2739 794
990 2703 1066 2739 Oct.
1094 2706 1114 2739 9
1140 2703 1213 2739 und
1252 2705 1319 2739 795
1343 2704 1440 2739 Miirz
1467 2706 1510 2739 16
1537 2704 1631 2748 (Lac.
1658 2704 1685 2739 I.
1712 2705 1784 2740 Nro

235 2763 267 2804 4,
296 2764 350 2808 5);
376 2763 448 2807 vgl.
475 2763 563 2797 auch
589 2763 660 2798 Nro
687 2766 719 2805 2,
746 2764 767 2798 3
792 2763 863 2798 und
889 2763 1045 2798 mehrere
1072 2763 1131 2798 der
1157 2763 1348 2808 folgenden
1372 2763 1428 2799 bis
1453 2764 1526 2798 Nro
1551 2765 1606 2799 25.

376 2823 412 2867 3)
438 2822 537 2857 Nach
563 2822 765 2867 Erkla’rung
799 2822 859 2857 des
896 2822 1073 2858 wei-dener
1109 2823 1222 2858 Abtes
1260 2823 1430 2859 Heinrich
1468 2822 1593 2858 Duden
1630 2823 1783 2868 (1571—

238 2882 343 2927 1603)
369 2880 431 2916 das
458 2880 636 2929 Gestriipp
662 2881 842 2927 Wynberg
866 2881 925 2917 bei
951 2881 1111 2918 Werden.
