1801 3213
212 146 296 188 238
703 144 884 186 Libellus
915 143 1257 186 Monasteriensis.

50 263 111 301 SS-
138 264 187 300 II.
213 263 410 305 Dominus
442 263 569 305 eciam
592 262 913 312 Helmwardus³‚
945 261 1109 303 maioris
1140 261 1305 304 ecclesie
1336 261 1546 303 canonicus
1564 262 1591 311 1,
1624 273 1760 302 aream

79 312 163 348 425.

212 334 355 376 illamb
378 333 608 376 discretioni
629 345 698 374 sue
718 333 769 374 ab
792 332 973 386 episcopo
997 332 1232 375 Burchardo
1253 332 1510 374 commissam
1532 331 1760 374 invadiavit

213 417 286 446 nec
316 405 502 446 absolvit.
565 403 681 445 Unde
713 404 754 444 et
784 404 963 456 tempore
998 403 1133 444 nostro
1172 403 1224 444 ad
1265 403 1463 457 quendam
1497 402 1626 445 civem
1656 402 1761 443 Hin-

212 475 366 518 ricum⁰
396 474 642 517 hereditario
663 474 750 515 iure
770 473 852 514 fuit
874 473 1073 516 devoluta.
1121 473 1243 516 Cuius
1264 474 1459 525 concives,
1491 474 1537 514 ut
1559 473 1761 515 credimus

215 546 371 599 Spiritu
402 546 539 588 sancto
562 545 688 593 ducti,
720 544 877 593 seriem,
914 556 1034 597 quam
1066 544 1332 598 qualicunque
1354 544 1598 586 narrationis
1629 543 1762 585 tenui-

213 617 327 658 tated
357 615 650 670 percurrimus,
693 614 929 656 summatim
959 614 1011 655 ad
1044 615 1270 668 episcopum
1303 615 1579 658 Luthewicum
1598 615 1613 639 2
1646 615 1761 656 detu-

213 687 362 738 lerunt,
395 688 435 729 et
464 688 511 728 ut
541 687 615 728 illa
645 698 737 727 area
769 685 834 727 vcl
865 684 947 726 alia
979 697 1041 727 eos
1078 685 1130 726 ad
1161 686 1443 727 fundandume
1485 686 1623 728 sancto
1653 684 1763 726 Lud-

213 759 333 813 gerof
361 758 571 800 ecclesiam
603 757 781 804 iuvaret,
824 757 1081 810 rogaverunt.
1144 756 1233 810 Ipse
1268 757 1427 807 autem,
1468 757 1522 798 ad
1551 769 1648 810 opus
1679 756 1764 810 pie-

213 829 313 870 tatis
345 829 390 869 ut
422 828 501 869 fuit
547 829 598 869 ab
639 827 804 869 ineunte
846 828 953 869 etate
999 827 1344 880 promptissimus,
1392 840 1528 869 aream
1574 827 1761 877 absolvit,

215 908 410 952 eamqueg
441 899 564 941 aliam
596 898 803 940 meliorem
835 898 876 939 et
907 906 1041 939 eornm
1065 898 1264 952 proposito
1295 899 1427 953 magis
1449 898 1631 940 idoneam
1653 910 1764 940 cam-

216 970 320 1012 bivit
352 971 393 1012 et
423 971 568 1024 quarta
599 969 700 1011 feria
731 968 878 1022 pasche
901 969 1158 1012 contradidit.
1223 969 1322 1021 Quis
1355 970 1535 1011 divinam
1565 982 1644 1011 non
1674 968 1764 1010 lau·

215 1040 283 1082 det
315 1040 607 1082 clemenciam?
669 1040 768 1092 Quis
801 1039 985 1081 debitum
1028 1040 1140 1081 tanto
1187 1041 1294 1094 patri
1331 1053 1408 1082 non
1431 1076 1435 1078 ,
1455 1040 1656 1081 libenterh
1687 1039 1764 1080 im-

214 1111 365 1165 pendat
395 1112 583 1153 honorem
629 1113 669 1153 et
713 1112 967 1164 obsequium,
1015 1112 1128 1152 cuius
1175 1111 1369 1165 tempori,
1416 1111 1513 1152 imoi
1559 1111 1624 1152 cui
1654 1110 1764 1152 Deus

214 1182 331 1223 tanta
361 1184 623 1224 carismatum
654 1181 878 1224 reservavit
909 1182 1012 1223 dona
1024 1183 1044 1224 ⁷?

358 1254 425 1295 2¹1.
488 1254 566 1295 Vix
601 1253 768 1295 transiit
799 1252 972 1303 mensis,
1013 1253 1110 1306 quin
1149 1254 1189 1295 et
1229 1253 1397 1306 pulchra
1435 1253 1483 1294 de
1513 1252 1640 1307 lignis
1672 1264 1765 1294 con-

216 1324 438 1365 strueretur
469 1324 654 1377 capella3
686 1326 727 1365 et
759 1324 1005 1367 sanctissimi
1046 1324 1281 1366 confessoris
1313 1323 1577 1365 clarescerent
1606 1323 1764 1366 merita.

216 1394 391 1447 Vespere
422 1395 542 1446 enim,
576 1395 733 1449 quando
769 1394 952 1448 sequenti
984 1394 1049 1436 die
1085 1395 1358 1436 cimeterium¹
1389 1395 1696 1437 consecrabatur
1725 1394 1766 1435 et

216 1465 356 1516 altare,
389 1466 584 1519 quaedam
617 1479 713 1509 crux
743 1467 854 1508 iussu
886 1465 1061 1519 episcopi
1091 1466 1379 1519 apportabatur
1411 1466 1452 1507 et
1481 1465 1525 1507 in
1557 1478 1603 1507 ea
1633 1464 1765 1507 sancti

357 1603 372 1621 ²1
397 1595 688 1630 Hehelmwardus
715 1595 755 1642 Q.
783 1616 827 1620 ——
852 1596 868 1621 b
894 1595 951 1630 illi
977 1596 1021 1630 P.
1049 1615 1093 1619 —
1119 1602 1134 1621 0
1159 1595 1350 1630 Henricum
1370 1595 1423 1640 Q,-
1447 1595 1654 1640 Hymricum
1671 1595 1764 1630 Boll.

216 1654 335 1689 Perta.
360 1673 399 1680 -
425 1654 442 1680 d
467 1655 636 1689 trinitate
664 1654 703 1700 Q.
731 1675 774 1679 —
801 1663 815 1681 e
842 1653 1129 1689 eonfundandum
1154 1655 1200 1689 P.
1229 1674 1272 1679 —
1297 1655 1311 1680 f
1333 1654 1488 1699 Lutgero
1515 1655 1568 1697 P,·
1593 1654 1765 1697 Liutgero
1796 1675 1798 1677 -

215 1713 334 1748 Pertz.
371 1733 415 1738 —
441 1721 459 1746 s
493 1724 603 1758 eaque
628 1713 678 1749 N.
720 1733 764 1739 —
801 1714 819 1739 h
845 1713 943 1749 liben
968 1713 1033 1757 Ν,·
1072 1716 1230 1748 ter—est
1255 1715 1397 1748 curatus
1423 1715 1464 1748 ioz
1488 1724 1516 1749 c.
1541 1715 1565 1747 3
1590 1713 1617 1757 f.
1643 1713 1693 1748 N.
1721 1732 1766 1738 —

215 1771 226 1797 i
250 1782 366 1816 ymmo
393 1773 437 1806 P.
465 1793 509 1798 —-
543 1773 562 1799 k
586 1774 668 1808 hein
694 1773 978 1819 Capitelanfany
1003 1774 1047 1808 P.
1088 1793 1131 1798 —
1168 1773 1178 1799 1
1203 1773 1450 1808 coemeterium
1475 1773 1533 1808 die
1558 1772 1765 1818 Ausyaben.

214 1936 331 1980 Burg,
370 1936 448 1971 dem
487 1937 598 1972 Dome
633 1937 704 1972 und
742 1937 803 1972 der
838 1940 982 1972 aussern
1017 1937 1124 1972 Stadt
1161 1939 1310 1973 zerstort
1347 1937 1481 1979 wurde;
1519 1936 1610 1972 nach
1636 1936 1765 1971 Tibus:

215 1995 551 2040 Griindungsgesch.
576 1996 606 2031 I.
633 1997 700 2031 597
727 1997 777 2031 ist
802 1997 852 2031 sie
878 1996 1056 2031 identisch
1093 1997 1162 2031 mit
1199 1996 1260 2031 der
1295 1996 1571 2042 Nicolaicapelle
1607 1996 1671 2031 auf
1705 1995 1766 2031 der

214 2054 440 2089 Immunitat.
490 2055 556 2090 Die
591 2058 769 2099 gerettete
807 2056 954 2090 ecclesia
987 2056 1101 2090 sancti
1136 2055 1307 2100 Liudgeri
1345 2055 1708 2101 (Geschichtsquellen
1736 2055 1766 2090 1.

216 2114 274 2157 19)
300 2114 349 2148 ist
375 2113 431 2148 die
458 2125 525 2148 von
552 2113 631 2148 dem
656 2114 825 2159 Heiligen
851 2114 1072 2159 gegriindete
1090 2115 1360 2160 Mariencapelle
1379 2115 1436 2150 bei
1459 2114 1520 2150 der
1536 2114 1766 2150 Liebfrauen-

215 2171 345 2206 kirche.

359 2233 393 2277 1)
420 2232 474 2266 Ist
499 2233 566 2266 wol
591 2232 750 2267 derselbe
775 2233 960 2274 Domherr‚
999 2232 1059 2267 der
1097 2234 1134 2267 in
1171 2233 1268 2268 einer
1294 2232 1461 2268 Urkunde
1487 2243 1546 2267 um
1573 2234 1664 2268 1110
1689 2233 1766 2277 (Er-

216 2289 324 2324 hard:
351 2289 433 2325 Cod.
461 2292 543 2336 181)
581 2291 803 2333 Helmordus‚
843 2292 879 2326 in
912 2293 1008 2327 einer
1046 2291 1198 2327 anderen
1240 2303 1307 2326 von
1334 2293 1424 2327 1125
1449 2292 1546 2336 (Erh.
1573 2291 1656 2327 Cod.
1684 2292 1766 2337 190)

215 2347 462 2383 Helmwardus
487 2352 650 2393 genannt
675 2350 763 2385 wir-d
789 2350 1061 2395 (Additamenta
1086 2352 1120 2386 S.
1149 2352 1216 2386 105
1241 2350 1283 2386 A.
1310 2352 1358 2394 6).

358 2409 393 2452 2)
421 2410 653 2445 1169—1173
678 2409 870 2445 December
897 2412 953 2446 23.

357 2468 392 2512 3)
419 2468 490 2502 Der
515 2469 662 2502 ecclesia
688 2468 748 2503 des
773 2469 822 2503 hl.
849 2469 1017 2514 Liudger‚
1046 2480 1134 2514 „que
1152 2472 1308 2514 tempore
1334 2479 1410 2502 meo
1436 2469 1474 2503 in
1499 2469 1649 2504 australi
1666 2470 1767 2514 parte

215 2524 507 2561 Monasteriensis
533 2527 694 2561 civitatis
720 2527 872 2563 fundata
898 2531 993 2570 est“,
1032 2528 1165 2563 tradirt
1198 2527 1343 2562 Bischof
1371 2528 1522 2572 Ludwig
1548 2529 1638 2563 1173
1664 2529 1768 2562 einen

216 2595 358 2619 mansus
384 2585 481 2629 (Erh.
508 2586 595 2630 Reg.
623 2587 714 2621 1988
722 2601 732 2628 ;
768 2586 853 2622 Cod.
879 2588 982 2633 365);
1016 2588 1096 2622 laut
1132 2587 1193 2622 der
1220 2587 1304 2622 Urk.
1332 2586 1478 2622 Bischof
1499 2587 1698 2622 Hermanns
1722 2586 1766 2620 Π.

217 2653 285 2677 von
311 2643 403 2679 1178
428 2644 527 2688 (Erh.
553 2645 641 2689 Reg.
668 2646 760 2681 2050
770 2660 779 2687 3
818 2645 901 2682 Cod.
928 2647 1012 2691 396)
1050 2646 1246 2681 beschenkt
1271 2645 1332 2681 der
1357 2645 1607 2681 Vicedominus
1631 2645 1767 2680 Franco

217 2712 285 2736 von
310 2701 540 2747 Wettringen
570 2704 773 2745 „ecclesiam
800 2716 937 2750 quoque
962 2705 1061 2740 beati
1094 2705 1265 2749 Liudgeri
1301 2706 1338 2739 in
1357 2705 1505 2740 civitate
1530 2705 1652 2739 nostra
1677 2714 1768 2738 erec·

216 2762 292 2794 tam
319 2763 355 2795 et
380 2763 512 2796 nostris
538 2763 756 2807 temporibus
781 2763 894 2799 adhuc
919 2764 1117 2799 novellam“
1145 2764 1214 2798 mit
1239 2764 1352 2799 einem
1378 2774 1514 2808 ganzen
1535 2762 1652 2798 Allod.
1702 2762 1767 2797 Ur-

216 2818 386 2853 kuudlich
412 2819 524 2855 findet
549 2822 623 2855 sich
648 2824 766 2856 zuerst
784 2823 874 2858 1185
902 2822 1114 2858 Theodricus
1135 2823 1249 2858 saneti
1270 2822 1426 2867 Ludgeri
1444 2822 1643 2868 prepositus
1668 2821 1767 2867 (Erh.

217 2878 304 2922 Reg.
331 2880 443 2920 21663
470 2879 553 2915 Cod.
581 2880 675 2924 451).
