1864 3213
247 167 329 209 124
671 167 767 209 Vita
799 167 873 208 111.
907 181 938 209 s.
973 167 1165 222 Liudgeri
1197 166 1268 209 lib.
1304 167 1358 209 ΙΙ.

241 284 363 327 tionis
395 284 604 337 indicium,
652 284 705 326 ad
750 284 973 338 imperialis
1005 285 1247 328 clementiae
1279 285 1466 341 gloriam,
1514 286 1565 328 ad
1612 287 1793 329 nostrum

246 356 459 410 teporem³
489 355 761 407 excitandum,
810 356 942 411 signa,
990 369 1091 410 quae
1143 356 1367 410 intercepta
1398 357 1600 408 fuerunth,
1647 357 1794 399 iterum

243 427 328 470 fieri
360 428 587 481 coeperunt.
620 427 730 480 Quae
762 440 806 469 eo
837 427 1134 470 indubitatiusc
1175 429 1424 470 auditoribus
1456 428 1793 478 commendamus,

243 512 318 553 quo
349 511 426 541 non
459 498 630 541 aliorum
662 511 708 540 ea
739 498 885 550 relatU,
917 499 963 540 ut
983 499 1173 553 pleraque
1201 499 1383 553 superius
1395 500 1424 550 ἃ,
1458 500 1679 541 memorata
1701 512 1795 554 cog·
1853 511 1857 512 ⁷

242 569 438 620 novimus,
472 569 541 611 sed
572 569 650 623 ipsi
681 569 806 612 oculis
837 570 998 621 nostris,
1040 570 1277 624 plerumque
1307 570 1527 624 pauciores,
1561 570 1794 625 plerumque

242 640 489 697 generaliter
520 649 683 683 omnese
715 641 994 694 inspeximusf.

384 713 479 754 273.
515 712 628 763 Rem,
662 725 783 766 quam
806 725 969 754 narrare
991 711 1252 763 intendimus,
1272 712 1356 754 eius
1374 712 1443 766 qui
1464 711 1634 764 viderat,
1653 712 1796 755 Thiat-

241 783 388 826 hardih
419 783 575 825 scilicet
605 783 818 836 presbiteri
851 784 1010 825 nostri¹
1041 783 1271 826 testimonio
1318 783 1552 834 referamus,
1585 784 1698 826 cuius
1729 784 1794 826 vel

241 867 398 897 morum
437 854 652 896 maturitas
685 854 749 896 vel
796 853 951 896 ordinis
998 853 1179 909 dignitas
1212 853 1297 895 veli
1342 866 1433 895 eum
1477 853 1584 896 falsa
1615 867 1793 905 narrare,

241 926 306 968 vel
338 926 434 968 nosk
467 925 515 968 de
547 925 723 967 narratis
770 925 976 980 ambigere
1023 938 1101 975 non
1132 924 1368 978 permittitl.
1433 925 1626 978 Quadam·
1663 926 1794 976 nocte,

243 997 338 1038 dum
371 996 499 1039 isdem
532 995 730 1050 presbiter
751 996 921 1038 nosterm
952 997 1041 1049 post
1072 995 1238 1050 vigilias
1261 996 1434 1049 criptam
1456 996 1649 1038 orationis
1673 1008 1795 1038 causa

239 1068 446 1123 ingressus
478 1068 595 1118 esset,
627 1067 758 1121 primo
790 1067 920 1121 coepit
950 1067 1110 1109 odorem
1142 1066 1428 1109 suavissimum
1460 1067 1571 1121 quasi
1607 1066 1656 1108 de
1687 1066 1795 1109 11110-

240 1153 330 1182 rum
362 1139 526 1181 floribus
558 1138 721 1189 sentire,
756 1138 900 1180 deinde
932 1151 1023 1180 cum
1057 1138 1196 1180 eadem
1243 1138 1502 1193 fraglantian
1547 1150 1723 1180 crescere
1755 1138 1796 1179 et

240 1211 325 1264 ipse
356 1210 487 1252 odoris
520 1210 719 1252 suavitate
753 1209 882 1264 magis
905 1210 1116 1264 magisque
1154 1209 1300 1262 repleri
1331 1209 1538 1262 coepisset,
1570 1209 1794 1251 attonitus⁰

241 1281 434 1336 quidnam
467 1294 550 1323 esse
583 1282 756 1334 possetP,
806 1293 939 1322 secum
982 1282 1158 1322 tractare
1191 1280 1333 1333 coepit.
1366 1279 1570 1322 Proindeq
1601 1281 1660 1322 rei
1689 1279 1795 1322 veri-

241 1354 371 1395 tatem
402 1352 563 1394 omnino
595 1352 801 1405 explorare
848 1352 999 1401 volens,
1046 1351 1322 1406 progressiusr
1368 1351 1540 1405 criptam
1588 1352 1794 1405 ingressus

241 1426 336 1467 ests,
372 1423 457 1476 Quo
488 1423 596 1465 facto
629 1422 758 1465 cernit
790 1423 832 1463 in
864 1422 997 1464 medio
1020 1422 1174 1475 criptae
1196 1422 1308 1475 quasi
1330 1422 1494 1477 igneum
1525 1421 1668 1463 altaris
1700 1420 1795 1463 alti-

240 1495 403 1537 tudinet
433 1495 629 1549 globumu
651 1494 880 1536 ardentium
903 1494 1031 1535 instar
1054 1493 1284 1535 carbonum.
1319 1494 1469 1548 Ingens
1492 1492 1612 1534 ilicov
1642 1492 1794 1542 horror,

241 1568 385 1622 ingens
417 1579 539 1620 pavor
571 1579 659 1608 eum
694 1565 845 1607 invasit
877 1566 917 1607 et
949 1565 1128 1606 animum
1164 1564 1239 1606 hac
1270 1565 1446 1619 illacque
1483 1576 1662 1614 versans,
1697 1563 1795 1617 quid

242 1640 378 1680 essetW
409 1639 585 1687 acturus,
619 1627 780 1678 0111111110
811 1636 989 1679 incertus
1022 1636 1224 1678 manebat.
1258 1635 1460 1678 Volebat³I
1491 1634 1639 1677 ostensi
1671 1634 1795 1676 mira-

241 1710 323 1752 culi
353 1709 475 1751 finem
507 1721 759 1763 cognoscere,
793 1707 862 1749 sed
887 1707 1040 1749 diutius
1063 1706 1150 1749 ibiy
1182 1706 1400 1749 consistere
1422 1705 1681 1748 formidabat.
1713 1705 1794 1747 Vo-

241 1781 352 1823 lebat
382 1779 534 1835 egredi,
567 1780 656 1822 setZ
703 1778 824 1820 timor
856 1791 1041 1832 gressum
1089 1778 1348 1832 impediebat.
1412 1778 1619 1819 Haerebat
1665 1776 1795 1831 igitur

242 1853 405 1906 stupens
437 1852 478 1893 et
509 1850 605 1905 quid
627 1850 669 1891 in
691 1850 766 1891 hac
797 1849 924 1891 animi
949 1849 1225 1891 aestuationea
1257 1850 1408 1904 ageret,
1442 1861 1602 1903 prorsus
1633 1848 1794 1903 ignora-

383 1953 400 1971 2
424 1956 512 1981 corr.
540 1956 608 1979 aus
632 1947 826 1988 temporem
855 1943 891 1979 G.
919 1964 960 1968 —
1000 1943 1187 1978 b'fuerant
1211 1944 1248 1978 J.
1276 1963 1319 1968 —
1346 1951 1360 1969 0
1386 1942 1656 1978 indubitancius
1683 1942 1723 1977 Τ.
1750 1961 1794 1966 -

241 2004 258 2030 d
283 2006 325 2038 ut
349 2004 396 2048 pl.
423 2015 494 2048 sup.
522 2004 550 2047 f.
576 2003 620 2037 A.
650 2024 692 2028 —-
720 2011 735 2029 e
761 2014 852 2037 omn.
880 2014 957 2047 gen.
975 2004 1020 2045 J3
1047 2003 1252 2048 plerumque
1270 2003 1612 2047 pauciores—omnes
1630 2002 1657 2045 f.
1675 2002 1723 2035 A.
1750 2021 1792 2025 -

241 2064 254 2089 f
276 2063 515 2108 perspeximus
540 2063 576 2098 J.
605 2081 646 2086 ——
682 2071 699 2096 g
724 2074 750 2098 c.
778 2065 822 2097 19
846 2064 891 2097 A.
928 2083 971 2087 -—
1002 2063 1019 2088 h
1051 2061 1265 2096 Thiatbardi
1295 2062 1367 2106 Br3
1405 2061 1583 2096 Dethardi
1609 2061 1657 2102 T;
1685 2060 1795 2095 Thet-

241 2121 343 2157 hardi
388 2123 437 2163 U;
475 2121 700 2166 Thyathardi
748 2122 796 2156 X.
844 2142 886 2146 ——
925 2122 935 2148 i
971 2122 998 2165 f.
1037 2122 1101 2156 Br.
1152 2140 1194 2145 —
1248 2121 1267 2146 k
1304 2122 1391 2156 iiber
1428 2121 1491 2156 der
1538 2121 1635 2156 Zezle
1674 2119 1710 2155 G.
1749 2140 1793 2145 —

240 2182 250 2206 ¹
275 2181 594 2226 Rem—permittit
618 2181 644 2224 f.
662 2182 706 2215 A.
729 2201 770 2205 —
802 2189 828 2206 ¹11
854 2186 940 2216 stult
965 2179 1076 2215 isdem
1102 2191 1153 2225 pr.
1172 2182 1310 2215 noster:
1338 2180 1481 2226 quidam
1499 2179 1650 2214 fratrum
1675 2179 1721 2214 A.
1750 2198 1794 2203 —

241 2249 259 2266 11
284 2251 374 2276 corr.
401 2252 468 2275 arcs
492 2240 682 2284 flagrantia
710 2241 757 2284 C}
789 2240 983 2284 flagrantia
1009 2240 1045 2274 J.
1076 2239 1114 2274 T.
1141 2240 1185 2273 H
1192 2253 1203 2283 ,·
1228 2238 1430 2284 fragrantia
1455 2240 1520 2275 Br.
1550 2259 1591 2264 -
1629 2246 1644 2265 0
1671 2240 1708 2273 et
1733 2238 1794 2274 ad-

241 2300 374 2334 mirans
400 2311 427 2333 s.
453 2301 485 2334 h.
512 2300 559 2334 A.
587 2319 630 2324 -—
656 2307 672 2331 p
699 2302 791 2334 esset
815 2300 862 2333 A.
890 2318 933 2323 —
968 2308 984 2331 ‘1
1012 2297 1322 2342 secum—proinde
1347 2299 1373 2341 f.
1399 2299 1446 2333 A.
1474 2318 1516 2322 —
1553 2306 1566 2324 1
1590 2308 1794 2343 progressus

241 2360 277 2395 J.
307 2381 348 2384 -
375 2369 387 2385 ⁸
414 2359 553 2403 ingredi
580 2360 697 2404 caepit
722 2360 768 2393 A.
798 2378 840 2382 —
873 2361 885 2384 t
910 2358 1142 2393 altitudinem
1160 2358 1217 2401 A;
1243 2357 1451 2392 altitudinis
1476 2358 1569 2393 Boll.
1595 2358 1724 2401 Perta,-
1750 2377 1794 2382 —

242 2427 259 2444 ss
285 2419 334 2463 gl.
361 2419 397 2453 in
425 2417 620 2453 altitudine
646 2418 773 2453 altaris
799 2419 845 2452 A.
875 2437 916 2442 —
954 2426 970 2442 v
996 2417 1072 2451 dico
1110 2418 1175 2451 Br.
1204 2436 1246 2442 -—
1285 2425 1308 2442 W
1334 2427 1407 2451 esse
1435 2417 1472 2451 C.
1501 2437 1544 2440 —
1581 2425 1599 2442 ¹
1636 2417 1671 2450 A
1697 2427 1724 2451 s.
1750 2416 1793 2451 h:

243 2488 334 2512 vero.
366 2498 406 2502 -
433 2486 449 2510 y
475 2477 526 2512 ibi
552 2476 582 2512 d.
612 2478 676 2512 Br.
706 2497 748 2501 —-
775 2485 789 2502 Z
815 2476 1056 2511 diutius—set
1080 2477 1108 2519 f.
1137 2476 1172 2511 G.
1202 2496 1244 2500 —
1271 2484 1287 2502 ἢ
1313 2479 1398 2511 aest.
1427 2487 1484 2511 an.
1510 2477 1556 2510 A.

388 2622 422 2654 1)
446 2619 614 2654 Derselbe
642 2618 760 2653 diirfte
787 2619 853 2653 wo]
880 2618 1056 2653 identisch
1096 2619 1171 2652 sein
1210 2618 1278 2653 mit
1304 2617 1382 2652 dem
1410 2616 1620 2657 Thiathard,
1646 2616 1793 2652 welcher

243 2679 280 2713 in
307 2678 373 2713 den
399 2678 518 2713 sieben
545 2682 662 2713 ersten
690 2689 756 2712 von
783 2677 849 2712 den
876 2680 896 2712 9
922 2689 982 2711 zur
1017 2677 1096 2715 Zeit
1123 2677 1276 2712 Altfrids
1312 2676 1573 2721 ausgestellten
1598 2675 1792 2711 Urkunden

243 2739 317 2773 sich
343 2739 395 2773 als
420 2738 604 2773 Schreiber
630 2737 813 2772 derselben
839 2739 953 2771 nennt
980 2747 1046 2770 von
1072 2737 1139 2771 841
1166 2736 1240 2770 Mai
1265 2736 1286 2770 8
1313 2736 1407 2780 (Lac.
1438 2735 1468 2770 I.
1506 2736 1569 2775 55;
1595 2734 1678 2769 Erh.
1705 2735 1792 2779 Reg.

243 2798 325 2841 367)
351 2797 406 2832 bis
431 2798 498 2832 847
525 2797 660 2831 Januar
686 2798 730 2831 21
769 2797 864 2840 (Lac.
891 2796 919 2830 Ι.
947 2797 1016 2839 62;
1042 2795 1125 2830 Erh.
1153 2795 1238 2838 Reg.
1267 2796 1350 2838 392)
1389 2793 1460 2829 und
1497 2804 1586 2829 zwar
1624 2793 1794 2829 zuniichst

244 2856 297 2891 als
323 2855 534 2898 Subdiacon,
560 2855 654 2890 dann
681 2866 746 2890 von
773 2856 841 2890 843
866 2854 1064 2890 November
1091 2855 1134 2889 1⁵2
1148 2865 1192 2889 an
1219 2854 1315 2898 (Lac.
1340 2853 1368 2889 Ι.
1398 2854 1461 2895 57;
1487 2853 1568 2888 Erh.
1596 2853 1684 2897 Reg.
1709 2852 1793 2898 378)

244 2915 297 2951 als
321 2915 467 2951 Diacon.
