1864 3213
282 146 366 188 170
678 143 776 186 Vita
817 143 966 198 rythm.
999 155 1030 183 s.
1065 141 1259 196 Liudgeri
1289 141 1359 183 let.
1392 141 1425 183 Ι.

492 261 530 296 Si
555 271 615 296 rex
639 260 822 305 precipiat,
847 260 954 293 immo
980 259 1075 293 Deus
1101 258 1247 302 dirigat,

561 330 668 365 malit
693 330 737 364 ad
763 332 928 373 egentem
955 329 1005 364 ire
1032 331 1145 361 suam
1177 330 1332 373 gentem.

301 392 428 434 1125.
490 390 687 433 Narravit
718 391 842 432 etiam
874 387 961 444 regi
994 389 1069 431 Dei
1107 389 1289 443 graciam

561 473 680 514 super
712 473 781 502 suo
814 460 905 502 voto
938 460 1023 502 sive
1055 473 1124 501 suo
1154 459 1253 510 loc0‚

493 530 571 574 Cur
602 532 773 574 Romam
805 531 912 581 ierit,
945 530 1009 573 vel
1041 530 1138 584 quid
1170 542 1271 584 papa
1303 530 1473 581 dederit,

561 602 658 656 quid
690 602 888 644 conferret
919 601 999 655 ipsi
1031 601 1253 644 claustrum
1285 600 1513 644 Benedicti.
1548 643 1551 645 .

493 672 606 725 Quod
638 673 720 714 iam
752 673 970 725 inceperat,
1003 673 1048 713 ut
1079 672 1188 713 Dens
1220 672 1466 724 preceperat,

303 744 428 788 1130.
561 743 797 792 claustrum,
830 743 894 784 cui
926 743 1005 784 ista
1038 744 1182 785 cuncta
1215 742 1297 784 sint
1335 741 1549 795 asscripta.

490 814 669 869 Rogavit
701 814 827 855 eciam
862 813 1056 867 principis
1088 813 1362 863 clemenciam,

563 886 610 926 ut
640 885 692 926 ad
724 884 893 926 claustri
925 885 1076 926 statum
1111 884 1178 925 det
1214 896 1256 925 se
1287 883 1540 933 advocatum,

494 956 581 1009 Qua
613 968 727 998 omne
759 955 943 1008 predium
976 955 1040 996 vel
1073 967 1232 996 suorum
1265 955 1329 996 vel
1361 967 1477 995 suum

565 1027 619 1068 sit
650 1026 1024 1080 congregandorum
1057 1026 1240 1078 sumptus
1272 1025 1572 1066 monachorum.

304 1097 431 1141 1135.
492 1096 657 1139 Auditis
691 1097 875 1138 omnibus
906 1095 1238 1150 religiosissimus

564 1180 633 1209 rex
664 1168 704 1208 et
734 1167 887 1209 habens
920 1168 1083 1221 gratum
1117 1166 1313 1219 simplicis
1344 1166 1527 1216 affatum,

495 1238 612 1273 Menti
636 1236 834 1278 reduxerat,
861 1248 927 1282 que
952 1237 1155 1271 Alchwinus
1181 1236 1354 1277 dixerat1,

564 1307 603 1331 ac
628 1296 744 1340 inagis
770 1307 808 1330 ac
834 1297 949 1340 magis
974 1296 1151 1330 hominem
1178 1296 1330 1336 notavit,

494 1357 612 1399 Unde
644 1355 809 1398 consilio
841 1369 932 1397 cum
965 1355 1175 1397 Alchwino
1206 1356 1305 1396 inito

307 1429 431 1472 1140,
564 1428 648 1461 vota
674 1426 766 1461 servi
792 1426 858 1460 Dei
884 1426 1022 1470 satagit
1047 1426 1198 1470 impleri.

494 1485 672 1521 versabat
697 1486 825 1526 animo,
851 1485 961 1519 Jhesu
987 1484 1130 1520 Christo
1155 1485 1306 1519 Domino

566 1545 748 1580 revelante
775 1545 888 1588 ipsum
916 1555 990 1578 esse
1016 1543 1061 1578 ad
1087 1555 1122 1578 se
1148 1544 1305 1584 missum,

495 1604 589 1638 Dum
614 1604 759 1638 iamiam
784 1606 923 1648 peteret
949 1603 1101 1644 Frisia,
1127 1606 1169 1637 ut
1193 1604 1366 1644 mitteret,

567 1663 666 1697 cuius
691 1663 852 1706 linguam
879 1663 1027 1696 scissent
1052 1662 1108 1696 vel
1134 1662 1368 1706 loquelam
1393 1662 1550 1702 nossent,

308 1723 434 1765 1145,
495 1721 642 1756 Vellent
667 1722 849 1766 recognita
875 1722 1033 1756 converti
1058 1721 1102 1755 ad
1128 1721 1273 1765 optima,

569 1782 606 1815 et
629 1783 671 1815 ut
696 1781 747 1815 eis
773 1791 875 1814 verus
900 1779 1101 1824 predicetur
1126 1779 1246 1814 Deus‘2

499 1840 532 1882 O
564 1853 632 1882 rex
664 1840 876 1890 altissime,
909 1841 1057 1893 quanto
1089 1839 1179 1894 agis
1211 1839 1362 1890 ordine,

570 1912 617 1951 ut
648 1911 873 1952 miserearis
906 1911 1064 1952 casibus
1096 1910 1296 1960 humanis,

501 1982 580 2035 Qui
611 1983 773 2036 gentem
804 1982 1016 2022 barbaram
1050 1981 1101 2022 ad
1132 1982 1244 2022 tuam
1277 1980 1468 2022 noticiam

310 2053 435 2096 1150.
571 2052 701 2093 trahis
733 2053 774 2093 et
804 2052 984 2093 infundis
1017 2052 1198 2113 graciam
1230 2052 1423 2106 indignis,

500 2123 577 2176 Qui
610 2124 652 2164 in
683 2123 906 2164 humilibus
937 2122 1094 2175 perficis
1125 2122 1369 2172 hominibus,

569 2195 615 2235 ut
646 2195 685 2236 te
717 2193 836 2235 huius
868 2193 1008 2234 mundi
1040 2194 1280 2235 venerentur
1311 2192 1471 2243 summi,

501 2264 579 2317 Qui
611 2277 805 2319 magnum
837 2264 1033 2305 Karolum
1066 2277 1135 2317 per
1166 2264 1415 2318 Liudgerum
1446 2262 1660 2316 parvulum

570 2348 686 2377 omne
717 2335 769 2376 ad
800 2336 986 2388 rogatum
1019 2335 1170 2376 feceras
1201 2335 1401 2386 paratum.

292 2406 417 2450 1155.
435 2418 491 2452 23,
507 2405 713 2460 Imprimis
745 2406 873 2460 igitur
905 2405 1120 2446 Werthina
1152 2405 1368 2458 suscipitur

572 2476 615 2517 in
645 2476 856 2518 tuitionem
889 2476 954 2518 vel
987 2475 1271 2526 defensionem,

432 2629 534 2664 1136.
560 2629 622 2664 rel.
648 2640 718 2664 rex.
745 2631 781 2663 et
806 2640 895 2664 corr.
925 2628 963 2664 T.
992 2648 1034 2652 —
1066 2628 1168 2664 1138.
1194 2628 1337 2662 notauit
1362 2638 1451 2663 corr.
1480 2627 1519 2662 T.
1547 2647 1590 2651 —
1618 2627 1720 2661 1143.
1745 2636 1839 2662 corr.

288 2689 331 2723 in
350 2687 502 2722 Frisiam
530 2687 571 2722 T.

433 2859 468 2901 1)
495 2857 537 2892 V.
564 2858 654 2892 1021
680 2856 715 2892 ff.
743 2875 785 2880 —
811 2857 847 2901 2)
873 2857 974 2891 Bitte
1001 2856 1061 2891 der
1087 2856 1228 2891 Friesen
1256 2857 1332 2891 vita
1357 2856 1405 2891 II.
1433 2866 1460 2890 c.
1481 2856 1542 2898 163
1569 2866 1601 2890 v.
1626 2855 1696 2891 ΙΙΙ.
1724 2865 1751 2890 c.
1778 2855 1839 2890 20.
