1864 3213
88 401 187 444 465.

84 700 183 742 470.

81 1320 179 1361 480.

79 1613 177 1656 485.

79 1923 178 1964 490.

76 2219 176 2262 495.

77 2518 176 2559 500.

441 176 539 219 Vita
570 177 718 232 rythm.
763 190 794 219 s.
827 176 1021 232 Liudgeri
1052 177 1122 219 let.
1156 177 1187 218 Ι.

251 294 369 330 Donec
395 293 649 338 Gregorius
675 295 720 329 et
745 296 962 339 parentes
987 293 1202 339 precibus

320 354 445 388 multis
471 354 567 388 eius
594 354 709 389 victi
736 355 989 388 consenserunt
1019 353 1096 399 ipsi.

248 413 321 448 Nec
347 424 443 448 mora
469 413 608 458 aliqua:
636 414 736 448 viae
766 413 962 448 necessaria

319 472 364 507 ab
392 472 466 507 illis
491 473 627 517 accepit
659 472 935 518 Angliamquc
961 471 1065 507 redit.

249 533 322 575 Quo
350 534 435 567 tunc
460 533 508 567 sit
534 532 700 577 gaudio
728 534 970 577 susceptus
996 531 1040 566 ab
1066 531 1306 572 Alchwino‚

318 603 387 626 non
413 593 443 627 si
470 594 609 627 centum
637 592 756 636 liguae
783 591 921 633 dentur,
949 591 1061 625 dicam
1089 590 1215 635 digne;

247 652 339 687 Nam
369 652 442 697 ipse
468 652 641 687 Dominus
666 652 703 686 in
729 651 910 686 amborum
936 650 1098 685 cordibus

317 711 353 745 in
379 712 450 746 isto
476 711 634 753 advenit,
661 711 698 746 in
724 711 787 745 illo
814 710 977 754 suscepit.

248 769 345 805 Tunc
371 770 582 806 desiderium
608 770 779 815 Liudgeri
806 769 990 814 egregium

316 831 496 876 impletur,
522 831 605 866 dum
631 831 741 865 bonas
766 838 820 864 est
845 828 994 874 adeptus
1020 827 1141 863 scolas.

246 889 314 924 Hic
339 892 443 925 tanto
469 890 626 925 studio
652 889 842 936 profecit
866 889 903 923 in
930 887 1092 928 Domino,

315 950 416 985 fieret
441 949 574 985 divinis
599 952 640 984 ut
664 949 841 995 perfectus
866 948 987 988 lib1·is;

173 1042 182 1051 .
244 1009 310 1052 Ad
342 1023 457 1052 usum
492 1011 617 1053 eciam
651 1010 849 1053 scolarum
881 1007 1080 1062 poeticam

316 1082 519 1125 servulam
551 1095 629 1124 non
661 1080 826 1136 sprevit,
860 1080 966 1122 unde
997 1080 1038 1121 et
1069 1078 1172 1120 hanc
1204 1077 1308 1133 legit
1326 1079 1351 1119 ¹.

244 1152 388 1187 Decoris
414 1152 569 1187 moribus
595 1152 730 1197 placuit
756 1162 861 1197 quam
887 1149 1058 1196 pluribus,

314 1212 529 1247 conscolares
554 1212 657 1246 illum
684 1211 884 1246 dilexerunt
910 1209 1069 1253 dignum,

242 1270 313 1305 Ubi
339 1271 384 1306 in
411 1271 570 1306 studio
596 1271 819 1316 permansit
845 1269 1001 1304 triennio

312 1330 620 1376 mensibusque
646 1330 739 1365 senis
765 1328 922 1364 studiose
949 1329 1037 1372 egit.

243 1389 362 1424 Vellet
387 1389 569 1424 diucius
597 1390 650 1424 vir
675 1389 799 1434 plenus
826 1386 1032 1428 virtutibus,

312 1449 382 1483 nisi
407 1449 611 1490 accedisset,
637 1448 729 1494 quod
756 1448 847 1482 hunc
872 1446 1099 1492 impedisset:

242 1507 332 1543 Nam
360 1507 529 1542 bellum
555 1507 697 1548 accidit,
724 1507 761 1541 in
788 1517 855 1552 quo
886 1505 1028 1551 quidam
1055 1504 1184 1540 cecidit

312 1567 499 1602 comitis
525 1567 663 1601 filius
689 1566 882 1601 Fresone
909 1566 1051 1599 occisus.

241 1625 315 1660 Hac
340 1625 511 1660 Eboraica
542 1626 671 1661 civitas
697 1625 830 1660 iniuria

311 1687 409 1719 mota
434 1685 471 1719 in
496 1684 667 1719 Fresones
694 1684 804 1719 vertit
828 1683 995 1723 ultiones,

243 1755 309 1790 Sed
335 1745 443 1787 cauti
475 1755 692 1790 Fresones
723 1753 1039 1799 negociaciones

311 1810 383 1849 c'ito
409 1814 634 1860 deponebant
661 1825 766 1859 seque
792 1812 1063 1853 subtrahebant,

240 1874 288 1909 Et
313 1874 395 1908 dum
421 1886 456 1909 se
482 1878 683 1919 preparant,
713 1874 796 1908 dum
822 1884 930 1908 naves
955 1872 1165 1912 accelerant,

313 1933 355 1968 de
379 1934 610 1977 Liudgero
637 1933 769 1978 primus
794 1933 920 1967 timuit
945 1931 1215 1966 Alchwinus.

240 1992 349 2028 Cuius
374 1993 558 2027 sanissimo
585 1995 703 2027 actum
731 1994 785 2027 est
812 1992 969 2033 consilio,

310 2055 352 2087 ut
377 2063 465 2087 cuin
493 2052 694 2087 discedente
720 2052 789 2086 iret
806 2062 871 2086 sua
895 2053 1015 2096 gente,

240 2112 324 2147 Pro
350 2114 462 2147 morte
491 2111 675 2147 iuvenis
700 2112 856 2156 perferat
881 2122 931 2145 ne
957 2109 1146 2155 aliquid,

311 2172 366 2206 vel
392 2172 561 2207 letalis
587 2173 638 2207 rei
665 2171 750 2217 quid
781 2172 970 2215 contingat
995 2171 1038 2206 ei.

242 2231 308 2266 Sed
335 2233 383 2265 et
409 2231 646 2266 diaconem
674 2242 798 2266 suum
825 2230 925 2265 dedit
950 2231 1126 2271 comitem,

310 2291 371 2336 qui
397 2291 488 2325 hunc
514 2291 720 2332 custodiret,
751 2292 840 2326 alias
866 2302 916 2325 ne
942 2290 1040 2330 iret,

238 2350 329 2384 Nam
356 2351 467 2385 scolae
492 2350 633 2385 avidam
659 2351 734 2385 eius
758 2350 860 2385 novit
884 2351 1040 2384 animam

308 2409 488 2455 nichilque
514 2410 652 2447 timere.
678 2409 758 2444 dum
784 2409 927 2444 fecisset
950 2408 1050 2450 bene,

237 2468 285 2503 Et
311 2469 385 2503 sine
412 2468 519 2502 dubio
544 2469 677 2502 iturum
704 2479 764 2513 pro
790 2467 908 2502 studio

308 2527 440 2562 alium
466 2528 503 2562 in
528 2528 641 2562 locuni
667 2528 737 2562 nisi
762 2527 998 2564 observatum.

237 2586 441 2621 Alchwinus
466 2587 576 2621 etiam
602 2586 719 2628 dixit,
753 2598 851 2621 suani
877 2587 1031 2620 animam

308 2648 392 2681 ante
418 2646 509 2692 quod
534 2645 699 2688 dedisset,
725 2657 845 2691 quain
863 2645 920 2679 hic
945 2645 1138 2679 interisset.

166 2753 246 2787 479.
272 2753 365 2788 nach
390 2753 426 2787 in
452 2753 578 2788 Raswr
606 2753 646 2789 T.
686 2773 729 2778 —-
763 2754 842 2787 483.
870 2752 1001 2787 bellum
1028 2763 1116 2788 corr.
1147 2752 1184 2787 T.
1228 2773 1268 2777 —
1306 2753 1386 2788 485.

26 2822 115 2847 corr.
144 2812 182 2846 Τ.
211 2832 253 2836 -
278 2811 357 2847 493.
386 2822 429 2846 ne
454 2823 542 2848 corr.
572 2812 610 2847 T.

168 2930 203 2975 1)
229 2929 311 2974 vgl,
337 2930 414 2965 vita
439 2929 506 2965 111.
534 2940 562 2965 c.
589 2931 619 2966 9.

1508 178 1589 219 149

1413 2753 1573 2788 eboraica
