1801 3213
643 118 1024 162 Wunderberichte.
1087 113 1090 115 ’
1247 132 1255 142 ·
1518 121 1604 163 235

202 237 267 280 3³.
299 236 482 278 Traditio
512 235 719 278 Balderici
750 235 908 278 comitis
926 238 941 261 ¹
978 236 1027 278 de
1059 236 1320 278 Widehoiwe.

201 307 392 360 Quotiens
423 306 557 360 aliqua
593 319 616 348 a
656 307 954 349 venerabilibus
996 308 1036 348 et
1074 307 1205 348 Deum
1246 307 1484 350 timentibus
1515 322 1604 363 per-

60 377 167 421 sonis
199 379 362 420 sanctae
383 377 460 419 Dei
491 377 710 419 aecclesiae
746 378 816 418 aut
847 377 889 418 in
921 377 1072 430 prediis
1095 378 1157 419 vel
1189 378 1231 418 in
1262 378 1354 420 aliis
1386 379 1503 421 rebus
1535 392 1604 433 pro

60 449 288 491 animarum
329 448 458 489 salute
499 448 770 499 conferuntur,
818 448 951 489 ratum
1000 448 1183 489 ducimus
1225 449 1410 491 scedulae
1451 449 1605 492 veracis

59 518 343 573 astipulatione
375 518 625 569 confirmari,
673 517 862 571 quatinus
894 518 1054 560 illorum
1087 519 1281 560 memoria
1311 519 1518 562 nobiscum
1551 520 1605 562 sit
1641 554 1642 557 ,

59 589 305 643 frequentior
346 589 561 642 nostraque
600 602 670 642 pro
706 589 791 630 illis
828 589 956 630 oratio
1000 589 1084 631 Deo
1126 588 1172 630 fit
1212 591 1425 644 acceptior.
1488 591 1606 633 Unde
1659 585 1665 592 ’

57 661 197 702 notum
230 659 318 701 fieri
349 660 533 713 cupimus
565 659 749 701 omnibus
771 659 1022 712 presentibus
1051 659 1207 701 scilicet
1238 673 1283 702 ac
1314 661 1476 712 futuris,
1511 674 1606 714 qua-

58 730 153 781 liter
184 730 399 772 Baldricus
447 742 577 772 comes
623 730 825 784 egrotavit
870 742 969 783 pene
1002 742 1125 783 usque
1157 730 1263 772 vitae
1295 744 1388 773 suae
1421 732 1607 785 despera-

58 802 231 852 tionem,
278 813 348 842 nos
391 813 542 854 quoque
582 801 743 854 propter
790 800 1014 842 amicitiam
1047 801 1087 842 et
1118 800 1453 853 familiaritatem,
1487 815 1606 856 quam

60 871 125 912 1111
155 871 435 921 adhibuimus,
484 871 673 924 reliquias
714 871 845 912 sancti
892 871 1088 925 Liudgeri
1133 872 1293 924 patroni
1324 872 1451 914 nostri
1483 885 1607 926 usque

60 941 233 996 Safliggi
263 942 315 983 ad
347 941 597 984 visitandum
629 941 746 982 illum
777 942 1079 983 transmisimus
1112 944 1172 992 et,
1215 944 1260 983 ut
1290 943 1489 985 credimus
1521 945 1608 997 ipso

58 1014 260 1063 narrante,
308 1013 626 1067 suffragantibus
679 1013 777 1066 ipsis
823 1013 973 1054 sanctis
1019 1014 1070 1054 ab
1118 1013 1355 1055 infirmitate
1402 1014 1607 1056 convaluit

59 1083 198 1125 statim
231 1096 277 1124 ex
307 1084 421 1137 parte
454 1085 494 1124 et
525 1083 576 1124 ad
618 1083 725 1137 ipsas
764 1084 954 1136 reliquias
985 1083 1158 1125 tradidit
1192 1084 1317 1124 .VIII.
1350 1098 1513 1127 mansus
1545 1098 1606 1127 se-

59 1166 134 1208 que
165 1154 296 1207 ipsum
330 1155 468 1196 sancto
510 1154 712 1209 Liudgero
753 1155 1001 1208 mancipavit
1042 1154 1264 1196 debitorem
1296 1155 1338 1196 in
1370 1168 1460 1197 cera
1490 1156 1607 1198 annis

58 1225 233 1279 singulis
264 1225 381 1266 unius
413 1225 503 1266 sicli
543 1225 828 1279 promisitque,
877 1238 967 1267 cum
1016 1225 1202 1278 primitus
1249 1226 1314 1266 illi
1360 1226 1608 1279 possibilitas

59 1296 194 1349 aliquo
225 1295 421 1350 pergendi
452 1295 637 1347 daretur,
679 1296 965 1338 monasterium
999 1296 1128 1338 sancti
1160 1295 1355 1350 Liudgeri
1387 1297 1606 1349 aditurum,

58 1367 163 1408 hanc
193 1368 302 1420 piam
334 1367 591 1408 donationem
622 1366 679 1407 ibi
721 1379 853 1408 coram
896 1367 1067 1409 testibus
1099 1366 1390 1411 stabiliturum.
1450 1367 1609 1410 Dehinc

59 1450 137 1479 non
168 1439 257 1491 post
287 1438 436 1479 multos
467 1437 552 1479 dies
574 1438 749 1487 veniens,
783 1437 888 1479 sicut
919 1437 1115 1490 promisit,
1148 1450 1218 1490 pro
1250 1438 1368 1491 plena
1402 1439 1464 1480 sui
1494 1451 1608 1481 suae-

61 1521 135 1562 que
176 1508 409 1550 contectalis
455 1507 588 1550 Adala
627 1508 819 1549 memoria
860 1510 1023 1550 aeterna
1070 1508 1244 1549 tradidit
1289 1508 1381 1550 illos
1427 1510 1608 1563 prefatus

59 1591 223 1621 mansus
255 1579 383 1621 .VIII.
416 1579 458 1620 in
489 1579 752 1630 Widohoiwe,
786 1579 973 1632 quatinus
1015 1579 1134 1632 plena
1166 1579 1438 1621 fraternitatis
1470 1580 1609 1634 gracia

60 1650 165 1693 sicut
195 1662 297 1691 unus
328 1649 504 1691 fratrum
535 1650 759 1691 nostrorum
792 1650 1000 1691 nobiscum
1031 1650 1224 1703 pociatur.

201 1721 272 1764 42.
333 1721 486 1762 Notum
518 1720 573 1762 sit
603 1721 855 1773 presentibus
894 1720 1085 1762 videlicet
1131 1723 1171 1761 et
1216 1721 1389 1772 futuris,
1436 1721 1610 1775 qualiter

61 1804 135 1846 ego
167 1789 421 1846 Liudgeiusb
462 1791 904 1845 Mimigernefordensis
946 1791 1163 1833 aecclesiae
1204 1792 1409 1845 episcopus
1451 1793 1491 1833 et
1521 1805 1611 1846 pro-

60 1865 167 1904 visor
198 1861 239 1902 in
271 1861 550 1904 Werthinensi
590 1862 676 1903 loco
715 1861 926 1903 basilicam
965 1862 1163 1904 fabricavi
1209 1863 1249 1903 et
1280 1872 1414 1907 datoc
1452 1874 1609 1917 precio

60 1933 246 1988 legitimo
273 1954 293 1977 a
319 1943 471 1988 quadam
504 1955 651 1988 persona
692 1932 850 1974 ΠΟΙῊῙΠΘ
903 1933 1115 1987 ῙἮξζΠΙᾶΥΟ
1181 1944 1403 1978 territorium
1454 1933 1612 1975 Cunctis

61 2004 309 2046 utilitatibus
341 2004 546 2058 integrum
579 2005 621 2045 in
652 2004 752 2046 villa
784 2014 952 2049 Uvetad⁸
978 2016 1232 2059 nuncupata
1264 2003 1405 2045 multis
1437 2003 1611 2046 testibus

203 2118 219 2135 ὃ·
255 2110 314 2144 lib.
336 2110 433 2154 priv.
460 2110 544 2144 mai.
569 2110 630 2152 fol.
657 2109 743 2144 3511.
770 2129 813 2134 -—
840 2109 856 2134 b
883 2108 996 2153 Ludg.
1025 2109 1122 2144 Cinc.
1150 2128 1193 2133 —
1220 2116 1234 2134 0
1260 2108 1413 2154 datoque
1441 2108 1539 2144 Cinc.
1567 2127 1609 2132 —

62 2169 79 2194 d
105 2170 211 2203 vueta
236 2169 295 2203 lib.
316 2169 423 2212 prtv5
449 2168 583 2203 Oeueta
610 2168 707 2208 Oine.

204 2274 238 2316 1)
266 2273 356 2308 Grai*
386 2273 573 2308 Balderich
600 2285 672 2308 war
710 2273 770 2309 der
808 2274 930 2308 zweite
965 2272 1115 2308 Gemahl
1153 2273 1213 2307 der
1251 2272 1371 2308 Graiin
1406 2273 1518 2308 Adela
1544 2284 1613 2308 von

61 2333 258 2369 Hamalant
283 2332 354 2367 und
380 2332 535 2367 dadurch
562 2333 758 2368 Stiefvater
784 2333 844 2368 des
875 2332 1110 2378 paderborner
1135 2332 1295 2366 Bischofs
1320 2332 1522 2367 Meinwerk.
1564 2332 1613 2367 Er

62 2391 238 2437 griindete
276 2391 338 2427 das
375 2393 548 2427 zwisclien
575 2393 667 2428 1014
702 2392 774 2426 und
801 2393 891 2427 1016
929 2391 1082 2426 October
1119 2392 1355 2435 eingeweihte
1391 2391 1535 2426 Kloster
1571 2403 1613 2426 zu

64 2451 237 2495 Safiiggi,
273 2450 442 2496 nyflich,
481 2452 519 2486 in
554 2451 632 2485 dem
667 2462 702 2486 er
736 2451 826 2486 auch
859 2451 950 2485 nach
983 2451 1115 2485 seinem
1144 2452 1232 2486 1021
1267 2450 1353 2484 Juni
1379 2451 1401 2485 5
1435 2450 1613 2495 erfolgten

64 2509 158 2544 Tode
184 2509 363 2554 begraben
389 2509 516 2545 wurde.
565 2510 633 2544 Die
671 2509 761 2545 oben
795 2510 950 2545 erzahlte
988 2510 1190 2545 Krankheit
1224 2509 1295 2544 und
1333 2509 1492 2554 Heilung
1528 2510 1614 2545 fiillt

62 2569 354 2604 wahrscheinlich
381 2570 417 2603 in
443 2569 541 2604 seine
567 2569 702 2604 letzten
735 2569 990 2614 Lebensjalire;
1018 2569 1090 2612 vgl.
1116 2568 1173 2603 die
1198 2569 1292 2603 Einl.
1340 2569 1457 2604 Ueber
1490 2569 1612 2604 seinen

64 2627 333 2672 ausgedehnten
350 2628 482 2670 Besitz,
510 2640 549 2662 zu
575 2627 762 2664 demauch
787 2628 849 2663 das
875 2628 976 2663 nicht
992 2629 1102 2662 naher
1127 2627 1379 2663 bestimmbare
1397 2628 1614 2664 Widehoiwe

64 2686 223 2731 gehorte,
250 2688 322 2731 vgl.
348 2687 495 2722 Hirsch:
544 2687 763 2722 Jahrbiicher
788 2687 978 2722 Heinrichs
1003 2688 1051 2722 ΙΙ.
1078 2687 1121 2722 II.
1147 2688 1217 2722 348
1235 2687 1259 2722 f.

205 2747 241 2790 2)
265 2746 333 2781 Die
359 2746 616 2791 nachfolgende
641 2745 774 2781 falsche
800 2747 969 2782 Urkunde
999 2747 1076 2791 (lib.
1104 2747 1220 2792 privil.
1247 2747 1330 2782 mai.
1356 2746 1415 2781 fol.
1445 2747 1489 2781 10
1499 2747 1528 2789 a)
1555 2746 1615 2781 be-

63 2804 150 2839 ruht
174 2804 237 2839 auf
261 2804 321 2840 der
346 2805 552 2850 Erzahlung
578 2805 639 2841 der
664 2807 742 2840 vita
767 2806 833 2841 III.
861 2817 889 2841 0.
915 2808 972 2842 36.

205 2864 242 2909 3)
267 2864 334 2899 Die
360 2865 497 2899 alteren
516 2864 665 2900 Formen
691 2865 771 2900 sind
797 2865 950 2907 Uber-iti,
977 2864 1082 2899 Uuiti
1108 2865 1164 2909 (=
1187 2856 1314 2910 Uvit'i).
1341 2863 1438 2899 Doch
1465 2864 1530 2899 hat
1554 2863 1617 2899 der
