1801 3213
451 152 549 194 Vita
581 152 729 206 rythm.
765 164 796 194 s,
829 150 1022 205 Liudgeri
1054 150 1124 192 let.
1158 150 1232 191 ΙΙΙ.
1534 148 1620 191 215

182 269 238 304 21.
275 268 414 304 Nomen
439 268 573 303 habens
598 267 734 302 Adam
761 279 818 313 qu
834 267 961 302 idam
988 267 1118 301 venit
1143 266 1395 301 Werthinam¹
1420 294 1428 301 .
1454 292 1465 301 .

205 347 244 353 —
270 327 319 363 Et
343 328 393 362 sic
419 327 463 362 ad
489 327 630 372 propria
656 337 787 370 magna
813 329 935 371 portat
960 326 1103 370 gaudia,

347 386 581 422 servum·Dei
608 397 727 420 verum
758 385 942 429 predicans
968 384 1196 428 Liudgerum.

182 447 238 481 22.
276 446 409 491 Aliqua
435 445 568 480 femina
593 446 631 479 in
658 445 772 479 villa
798 445 966 479 Sosacia

119 494 215 537 720.
346 504 623 539 Heriswida
649 503 746 538 (licta
770 506 917 538 mente
946 503 1018 538 fuit
1044 503 1173 548 eapta2
1200 531 1205 537 .
1234 529 1242 537 .
1270 529 1278 537 .
1305 529 1312 537 .

274 583 320 590 —
346 563 435 598 dant
459 574 563 608 super
587 562 765 607 Liudgero
792 573 912 596 omnes
938 561 1060 596 laudes
1086 563 1171 596 Deo.

181 623 238 658 ⁶23.
275 622 369 658 Item
396 623 557 657 Sosaciae
582 622 724 657 Adalw
735 623 769 656 ia
794 623 936 656 nomine

116 683 212 725 740,
346 681 553 727 quedam,
581 692 670 726 quae
696 680 850 722 furebat,
877 680 1010 715 femina
1034 679 1230 714 manebat³
1258 707 1264 715 .
1294 706 1301 714 .
1330 706 1336 713 .
1364 705 1372 713 .

208 761 251 766 -—
276 741 345 776 Hic
370 741 414 776 ab
439 741 645 775 hominibus
670 741 807 785 fugatis
832 739 1040 775 demonibus

100 801 212 843 760,
346 801 503 845 graciam
528 811 590 845 per
615 801 693 841 Dei,
719 800 859 835 meritis
884 798 1066 842 Liudgeri,

275 859 376 895 Hanc
402 861 456 895 ita
479 860 653 894 Dominus
684 860 840 904 graciam
867 859 1080 893 mitissimus

346 918 436 954 dono
462 921 563 955 auxit
587 921 677 954 miro
703 921 740 955 in
772 919 893 954 eodem
922 919 1008 960 viro,

275 977 328 1012 Ut
353 978 382 1012 si
408 977 621 1021 demonium,
649 980 742 1013 sicut
768 989 904 1023 semper
928 978 1131 1022 pessimum,

345 1048 494 1082 usquam
520 1041 717 1083 appareret,
745 1039 900 1084 aliquem
927 1040 1090 1079 terreret,

117 1099 214 1141 765,
275 1097 411 1133 Audito
437 1099 579 1134 nomine
605 1099 777 1144 Liudgeri
802 1099 847 1134 ab
873 1100 1015 1133 homine

345 1159 513 1193 territum
538 1159 696 1204 fugisset
720 1161 842 1205 nilque
870 1161 1061 1194 nocuisset
1074 1159 1096 1192 ⁴.

182 1217 239 1251 24.
278 1215 437 1252 Custos
463 1219 695 1254 ecclesiae
720 1218 989 1253 Adalwardus
1015 1218 1197 1259 nominef’,

345 1277 409 1320 vir
441 1279 669 1334 religiosus,
705 1293 823 1321 verax
856 1281 975 1333 atque
1007 1279 1167 1332 probus,

0 1390 1 1396 1
274 1347 381 1382 Ferre
406 1352 637 1384 consueverat
640 1377 795 1391 .....

0 1397 1 1431 3
65 1407 162 1448 791,
208 1426 251 1432 —
276 1407 325 1442 Et
350 1407 497 1442 adhue
523 1409 707 1450 audiens,
734 1412 906 1454 quantam
931 1409 1051 1453 procul
1077 1409 1239 1452 garriens

345 1467 470 1502 demon
497 1468 723 1509 ostendisset,
751 1472 921 1513 quantam
948 1469 1020 1502 vim
1047 1468 1225 1502 sensisset.

180 1538 236 1572 25.
276 1537 320 1572 In
359 1538 459 1572 loco
494 1540 608 1583 igitur
634 1538 816 1582 Liudgeri,
843 1530 889 1570 Ui]
920 1528 1072 1583 legitur
1089 1529 1117 1579 ⁶,

346 1598 500 1632 visiones
524 1599 660 1633 multae
686 1598 834 1643 desuper
858 1598 1022 1633 indultae
1049 1628 1054 1633 .
1086 1625 1093 1632 .
1122 1627 1128 1633 .
1157 1625 1164 1632 .

204 1674 248 1678 —
276 1656 397 1692 Tactu
423 1658 584 1701 angelico
616 1658 784 1707 nimirum
810 1657 975 1692 adhibito

113 1715 212 1758 800,
347 1717 449 1761 quasi
474 1717 548 1751 Deo
574 1717 684 1762 (ligno
710 1717 825 1752 laudis
852 1717 903 1751 ibi
929 1718 1042 1761 signo.

204 1774 260 1809 26.
298 1775 449 1822 Ipsam
475 1777 717 1811 ecclesiam
744 1777 937 1822 quadam
963 1778 1062 1811 vice
1089 1776 1264 1816 etiam⁷‚

344 1836 522 1870 tumulum
549 1847 637 1881 quae
663 1836 788 1876 ambit,
818 1837 877 1881 qui
904 1835 1122 1880 Liudgcrum
1148 1834 1295 1876 claudit,

276 1893 358 1928 Lux
384 1894 534 1939 quedam
560 1898 720 1936 texerat,
748 1906 837 1940 quae
863 1906 899 1930 se
925 1896 975 1930 sic
1000 1897 1170 1936 erexerat,

346 1956 388 1988 ut
413 1955 516 1999 quasi
542 1955 793 1999 columpna
819 1956 934 1989 stans
958 1954 997 1989 in
1022 1954 1139 1989 sancti
1164 1952 1289 1988 tumba
1326 1985 1331 1989 .

112 2013 211 2055 805,
273 2011 397 2048 Celum
423 2015 602 2049 cacumine
628 2014 809 2050 videretur
834 2017 994 2058 tangere,

345 2073 450 2116 sicut
481 2077 761 2125 narraverunt,
793 2075 892 2117 olim
924 2075 992 2128 qui
1025 2074 1215 2116 viderunt

275 2142 398 2178 Talem
423 2144 638 2179 intrinsecus
663 2147 700 2179 et
725 2145 836 2180 talem
870 2145 1077 2179 forinsecus

345 2202 497 2247 gloriam
525 2203 667 2248 sepulti,
694 2204 846 2248 gloriam
872 2204 1058 2248 sepulchri.

275 2261 359 2297 Sed
386 2263 458 2296 ista
484 2266 654 2298 maneant
679 2264 764 2306 illis,
792 2264 866 2308 qui
891 2264 954 2298 hec
982 2263 1171 2304 viderant,

113 2321 212 2363 810,
346 2322 408 2366 qui
433 2321 497 2356 hec
522 2323 736 2365 retulerunt,
767 2324 933 2368 quoniam
961 2321 1146 2357 viderunt:

277 2379 456 2415 Dicantur
480 2381 553 2416 alia
578 2382 634 2416 his
660 2381 755 2416 facta
781 2382 915 2417 similia

346 2440 449 2474 annis
474 2440 546 2474 iam
573 2439 759 2485 descriptis
786 2452 888 2485 super
918 2440 1024 2475 factis
1050 2440 1149 2485 ipsis,

206 2546 285 2580 799.
323 2556 414 2581 corr.
441 2557 510 2581 aus
534 2546 647 2581 Factu
676 2547 715 2582 T.
757 2567 797 2572 ——
834 2548 1032 2583 Sil—8212.
1068 2548 1166 2593 θεᾶν.
1192 2547 1288 2582 Bon.
1329 2566 1370 2570 —
1409 2546 1488 2581 812.
1527 2547 1620 2581 nach

61 2614 164 2648 super
188 2615 279 2640 corr.
307 2605 348 2642 T.

205 2713 240 2757 1)
266 2711 337 2747 Mit
363 2711 431 2747 den
456 2712 630 2747 Zusatzen
664 2712 725 2748 der
751 2714 828 2748 vlta
853 2714 921 2748 III.
947 2725 976 2749 c.
1002 2715 1065 2755 ⁴21;
1104 2715 1181 2748 vita
1207 2714 1235 2748 I.
1264 2724 1292 2748 c.
1319 2713 1383 2754 15;
1413 2713 1490 2747 vita
1516 2712 1564 2746 ΙΙ.
1592 2722 1620 2747 c.

63 2771 118 2805 13.
146 2791 189 2795 ——
216 2772 253 2814 2)
279 2771 366 2807 Vita
391 2771 460 2807 ΙΙΙ.
485 2783 514 2806 c.
540 2774 597 2808 22.
625 2792 669 2797 —
694 2774 730 2817 3)
757 2773 844 2807 Vita
869 2773 938 2807 Ill.
965 2784 993 2807 e.
1021 2775 1076 2808 23.
1105 2794 1148 2798 —-
1174 2775 1211 2818 4)
1237 2773 1325 2808 Vita
1350 2772 1418 2807 ΙΙΙ.
1445 2783 1472 2806 c.
1500 2773 1554 2806 24.
1576 2791 1617 2795 ——

64 2829 100 2873 5)
126 2829 213 2863 Vita
239 2830 305 2865 III.
334 2830 357 2865 l.
385 2841 422 2872 c;
449 2831 525 2866 vita
550 2832 580 2866 I.
606 2843 633 2866 c.
656 2833 718 2872 1&
746 2833 823 2866 vita
849 2832 892 2866 II.
920 2843 948 2866 c.
975 2833 1026 2867 14.
1057 2853 1100 2857 —
1127 2835 1162 2877 6)
1188 2833 1276 2867 Vita
1301 2833 1370 2868 111.
1397 2843 1425 2866 c.
1451 2832 1516 2873 25;
1544 2833 1619 2867 vita

62 2887 93 2922 I.
120 2899 146 2922 c.
176 2890 240 2929 15›;
267 2889 344 2923 vita
370 2890 417 2926 11.
446 2901 471 2924 e.
503 2892 554 2926 13.
585 2911 628 2915 —-
657 2892 689 2934 ῖ)
718 2892 802 2925 Vita
829 2892 894 2926 III.
922 2904 949 2926 c.
977 2895 1041 2932 ’ΖΜ
1070 2893 1146 2926 vita
1173 2893 1199 2926 I.
1227 2892 1299 2927 und
1325 2893 1373 2927 II.
1401 2892 1424 2926 1.
1450 2902 1478 2926 e.
