1864 3213
231 158 291 200 40
623 156 797 199 Aitfridi
827 157 914 200 vita
945 169 976 199 s.
1009 141 1206 212 Liudgeri
1236 156 1309 199 lib.
1341 156 1396 198 11.

231 287 366 316 meum
414 274 649 328 sepulturaa
694 274 850 329 tegitur
896 274 936 315 et
982 273 1040 316 ibi
1085 273 1260 316 Domino
1300 273 1501 329 largiente
1540 274 1786 328 pristinumb

231 345 437 388 oculorum
468 346 634 388 lumenss
664 344 847 398 recipies.
910 344 989 397 Qui
1021 357 1112 388 cum
1152 344 1293 386 taliter
1339 345 1484 386 fuisset
1530 345 1786 398 ammonitus,

230 417 413 459 narravit
445 417 604 459 domino
651 428 743 467 suo,
791 415 908 469 quale
939 428 963 457 a
996 416 1133 457 sancto
1165 414 1250 457 viro
1295 415 1534 457 mandatum
1564 416 1785 469 acceperat,

228 488 272 530 et
301 487 424 530 simul
455 487 559 541 quod
584 487 703 529 faciei
724 487 810 529 eius
832 486 1062 540 inposuerat
1087 486 1281 541 signumd
1311 487 1501 538 ostendit,
1534 486 1639 540 quod
1671 487 1786 529 erate

230 558 343 600 iuxta
387 558 554 600 verbum
593 558 670 600 Dei
711 557 816 600 virif
844 557 1042 600 dissimile
1076 558 1160 600 cuti
1190 557 1398 611 reliquaeg
1428 558 1613 600 omnibus
1644 557 1787 600 diebus

229 628 339 671 vitae
371 642 477 671 suae.
541 629 653 671 Tunc
686 628 872 671 dominus
904 629 1030 670 suusll
1061 641 1141 670 una
1172 641 1264 670 011111
1304 629 1472 684 coniuge
1503 641 1575 670 sua
1606 629 1658 670 ad
1690 641 1787 671 eun-

230 699 322 741 dem
353 699 504 741 locumi
545 700 873 754 gratulabundus
910 712 1082 754 pergens
1130 712 1264 741 secum
1307 700 1438 753 ipsum
1485 699 1787 755 Irmingerumk

228 769 430 811 adduxitl.
494 769 676 825 Contigit
708 771 847 822 etiam,
880 771 925 812 ut
958 771 1192 813 Gerfridum
1225 771 1466 824 episcopum,
1499 771 1631 812 sancti
1661 770 1786 812 1111111-

228 840 354 896 gerim
385 841 571 894 nepotem
604 843 675 883 etn
713 854 995 893 successorem,
1029 855 1109 884 una
1142 829 1462 884 cumfratribus
1494 843 1534 884 et
1579 842 1786 884 monachis

228 911 505 954 invenissent⁰
538 912 608 955 ibi.
674 912 828 965 Quibus
860 926 950 955 cum
982 915 1099 968 gesta
1130 914 1356 964 narrarent,
1400 913 1583 955 fecerunt
1613 912 1784 955 eundem

227 982 529 1037 Irmingerump
564 984 605 1025 in
639 985 794 1037 prefata
826 984 1020 1026 aecclesia
1054 997 1099 1026 ea
1131 985 1246 1026 nocte
1277 996 1436 1025 manere
1448 992 1477 1035 ⁶1,
1510 983 1552 1024 in
1584 996 1661 1037 qua
1693 996 1785 1025 cum

228 1054 405 1095 orassetr
452 1055 492 1095 et
538 1054 797 1109 vigilassets,
845 1055 1033 1097 continuo
1078 1068 1150 1109 per
1196 1055 1273 1096 Dei
1319 1055 1496 1109 gratiam
1543 1054 1785 1108 pristinum'⁶

228 1124 433 1165 oculorum
464 1124 603 1167 lumen
644 1126 732 1179 ipsa
773 1126 887 1167 nocte
924 1126 1144 1168 secundum
1177 1117 1299 1168 verba
1332 1125 1408 1167 viri
1442 1125 1517 1167 Dei
1550 1125 1666 1179 plene
1698 1138 1785 1167 sus-

228 1195 335 1248 cepit
351 1203 382 1236 11.
1592 1206 1594 1209 ·

371 1269 437 1308 21.
502 1267 547 1307 111
581 1267 720 1308 eadem
758 1276 890 1322 ergoW
935 1268 1050 1309 nocte
1099 1268 1205 1310 circa
1237 1268 1437 1322 gallorum
1486 1268 1651 1310 cantum
1690 1268 1784 1310 ante

228 1337 485 1390 sepulchrum
519 1339 597 1381 viri
628 1339 704 1380 Dei
736 1339 948 1393 paralitica
992 1339 1217 1393 quaedam¹
1247 1340 1409 1393 repente
1442 1339 1609 1380 sanitati
1649 1352 1784 1393 corpo-

227 1408 283 1450 ris
315 1410 506 1451 restituta
537 1411 598 1452 est
631 1412 671 1452 et
691 1409 822 1453 abiity
853 1411 1090 1454 incolomisz
1124 1411 1389 1466 magnificans
1422 1411 1551 1453 Deum
1563 1419 1590 1461 ²²,
1624 1413 1690 1464 qui
1713 1423 1784 1464 per

228 1492 387 1521 servum
420 1494 538 1523 suum
569 1483 654 1523 tam
687 1483 820 1524 subito
852 1496 940 1524 eam
974 1496 1112 1525 curare
1151 1483 1342 1537 dignatus
1375 1483 1447 1524 est.

370 1553 409 1594 3.
443 1553 490 1593 In
523 1565 625 1608 pago
648 1553 909 1608 Sudhergoeb
942 1555 1125 1595 matrona
1156 1554 1351 1607 quaedam
1375 1553 1533 1595 nomine
1556 1552 1783 1608 sigiburgc

228 1621 410 1664 colonum
443 1623 588 1665 habuit
618 1624 905 1666 Ricmoldumd
936 1624 1155 1666 vocabuloe
1188 1625 1323 1666 euiusf
1369 1637 1464 1666 uxor
1495 1624 1617 1679 longa
1649 1624 1783 1679 aegri-

226 1692 397 1735 tudine&
429 1694 616 1748 depressa
652 1695 810 1737 iacebat
842 1708 887 1738 ac
913 1708 1013 1748 pene
1046 1695 1291 1749 corporalem
1323 1695 1534 1748 desparata
1567 1696 1780 1744 salutemh.

369 1818 385 1836 2
409 1811 627 1855 sepulturam
652 1812 703 1847 H.
732 1833 776 1837 -
802 1812 818 1837 b
843 1813 868 1856 f.
907 1813 963 1848 W.
992 1832 1035 1838 —
1061 1821 1075 1839 0
1101 1813 1124 1848 1.
1151 1823 1181 1848 0.
1217 1813 1269 1847 W.
1309 1833 1352 1837 —
1389 1812 1406 1838 ‘³
1432 1813 1506 1847 eius
1531 1813 1553 1848 f.
1581 1813 1655 1858 inp.
1681 1825 1707 1848 3.
1733 1813 1781 1848 A.

229 1888 275 1895 —
300 1877 315 1896 e
341 1870 373 1904 ei
398 1870 444 1904 A.
474 1884 506 1895 ’-
542 1871 558 1896 f
579 1871 648 1906 viri
674 1870 731 1906 dei
758 1872 794 1907 S.
822 1872 867 1905 H
874 1886 882 1913 3
910 1872 980 1906 viri
1004 1873 1269 1918 naclzyetrayen
1293 1872 1339 1906 A.
1368 1891 1410 1896 —
1446 1880 1463 1905 g
1496 1873 1534 1906 in
1560 1872 1697 1918 reliqua
1723 1883 1782 1907 cu-

226 1930 305 1963 cute
332 1928 416 1964 diss.
443 1929 514 1963 fuit
540 1930 586 1964 A.
614 1950 658 1955 —-
682 1930 701 1956 11
726 1931 801 1965 eius
828 1931 866 1966 S.
893 1932 938 1965 A.
968 1951 1011 1955 —
1049 1932 1059 1957 i
1084 1932 1289 1966 memoriam
1315 1932 1429 1965 sancti
1467 1931 1623 1975 Ludgeri
1659 1931 1709 1967 H.
1737 1952 1781 1957 -

225 1986 246 2013 k
270 1988 522 2032 Yrmingerum
556 1989 609 2024 W
638 2009 680 2014 -
718 1990 727 2015 l
753 1989 854 2024 duxit
882 1990 939 2025 W.
968 2010 1011 2015 —
1042 1998 1067 2016 m
1094 1991 1202 2034 Lutg.
1238 1990 1290 2025 W.
1321 2010 1364 2014 ——
1401 1998 1420 2015 11
1445 2001 1485 2024 ac
1508 1992 1554 2025 A.
1593 2011 1636 2016 -
1674 1999 1689 2017 0
1727 1991 1781 2026 in-

229 2047 394 2081 venirent
428 2047 481 2081 W.
517 2067 560 2072 —
598 2056 615 2080 P
649 2049 901 2093 Yrmingerum
936 2050 989 2085 W.
1016 2070 1060 2076 ——
1098 2059 1115 2083 q
1152 2051 1265 2085 iacere
1311 2050 1364 2083 Hs.
1393 2070 1435 2074 —
1472 2058 1485 2076 r
1521 2053 1637 2085 oraret
1661 2051 1708 2087 A.
1735 2070 1780 2076 —

226 2112 240 2131 S
265 2106 435 2149 vigilaret
459 2107 515 2147 A;
542 2118 632 2143 corr.
658 2109 698 2143 in
736 2109 909 2153 vigilaret
934 2112 972 2144 et
1009 2112 1126 2144 oraret
1163 2110 1214 2144 H.
1254 2129 1298 2134 -
1328 2111 1340 2135 t
1364 2110 1390 2152 f.
1424 2109 1479 2144 W.
1510 2129 1550 2134 —-
1576 2117 1594 2136 ¹1
1618 2110 1704 2146 lum.
1730 2121 1780 2146 oc.

225 2165 359 2209 recepit
377 2176 442 2200 300.
461 2165 569 2200 verba
587 2177 618 2201 v.
638 2166 695 2201 dei
726 2168 790 2209 W;
814 2178 879 2204 sec.
899 2168 968 2202 viri
986 2167 1042 2203 dei
1061 2168 1325 2212 promissionem
1340 2169 1480 2212 integre
1499 2170 1653 2213 suscepit
1664 2169 1716 2204 H.
1736 2189 1779 2194 —

225 2230 243 2248 v
267 2223 349 2258 kein
377 2223 662 2271 Capitelanfany
678 2226 774 2261 Bou.
793 2226 930 2270 Leibn5
959 2227 1014 2261 bei
1038 2227 1132 2262 Boll.
1159 2227 1245 2261 sind
1261 2228 1311 2261 im
1334 2228 1526 2274 folyenden
1550 2229 1604 2272 oft
1626 2230 1781 2265 mehrere

227 2281 343 2327 Capp.
358 2294 724 2330 zusammenyezoyen.
746 2305 788 2309 —
806 2293 830 2311 w
846 2286 873 2329 f.
901 2286 961 2327 W;
980 2297 1062 2320 vero
1079 2286 1115 2320 A
1127 2300 1135 2327 ;
1163 2297 1300 2331 quoque
1321 2286 1361 2322 Ο.
1381 2307 1423 2311 —-
1441 2295 1460 2313 x
1476 2288 1604 2322 mulier
1629 2287 1780 2333 quedam

225 2351 299 2386 par.
343 2342 403 2383 W3
429 2343 628 2388 paralytica
662 2344 706 2385 S;
732 2343 866 2379 Eadem
891 2346 993 2379 nocte
1031 2344 1204 2390 quaedam
1230 2346 1341 2379 etiam
1374 2346 1562 2391 paralitica
1587 2357 1702 2382 coram
1727 2358 1780 2382 se-

224 2400 369 2444 pulchro
385 2400 422 2436 C.
436 2402 483 2436 E.
497 2402 542 2437 F.
565 2401 609 2437 G.
623 2403 660 2438 J.
678 2403 718 2438 Τ.
738 2403 780 2439 U.
795 2403 861 2438 Br.
877 2423 919 2428 —
938 2412 955 2436 y
968 2403 1130 2449 abiitque
1145 2404 1182 2439 S.
1199 2424 1242 2429 -
1260 2413 1274 2430 z
1288 2405 1486 2440 incolumis*
1498 2406 1550 2440 W.
1567 2406 1603 2441 S.
1617 2407 1655 2441 J.
1673 2407 1719 2442 P.
1734 2426 1779 2431 ——

227 2466 244 2485 ὃ
262 2458 444 2494 dominum
461 2460 498 2496 S.
518 2481 562 2486 —
580 2461 597 2487 b
624 2472 663 2496 oe
688 2473 779 2498 corr.
805 2463 840 2497 L
848 2476 856 2504 ς
885 2462 1041 2507 Suderge
1068 2463 1130 2505 W;
1155 2463 1338 2508 Sudhergo
1355 2465 1409 2506 A;
1429 2464 1586 2508 Sudergo
1602 2465 1654 2500 H.
1671 2465 1709 2500 J.
1728 2465 1778 2502 X.

232 2518 275 2552 Y.
297 2519 336 2553 T.
356 2519 432 2561 Br;
446 2519 653 2565 Sudhergoa
670 2521 706 2556 Ο.
720 2522 760 2556 F
767 2535 775 2563 ;
794 2521 975 2566 Sudergoa
989 2522 1036 2558 E.
1056 2523 1092 2558 U
1097 2536 1110 2566 ;
1128 2522 1286 2567 Subergo
1307 2523 1357 2567 V;
1371 2523 1549 2568 Sudergoe
1566 2523 1699 2566 Bozl².;
1717 2525 1779 2570 qui

225 2577 259 2612 8.
275 2578 476 2622 appellatur
491 2579 528 2615 0.
547 2580 595 2614 E.
609 2580 657 2616 F.
674 2581 714 2615 T.
739 2581 775 2616 U
780 2595 789 2623 3
808 2581 901 2626 quod
919 2581 953 2616 8.
978 2592 1056 2626 app.
1073 2582 1111 2616 J.
1133 2582 1173 2617 V.
1189 2582 1237 2617 X.
1263 2583 1305 2617 Y.
1321 2583 1363 2618 Z.
1382 2583 1449 2618 Br.
1477 2602 1519 2607 —
1546 2590 1560 2609 0
1588 2583 1779 2627 sigiburch
1814 2589 1822 2599 ·

231 2635 296 2678 W;
314 2636 490 2681 Sigeburg
507 2638 542 2673 A
551 2653 560 2680 ;
578 2638 710 2684 Siburg
737 2640 774 2675 G.
793 2641 838 2675 F.
855 2641 893 2675 J.
919 2641 991 2683 Br;
1017 2641 1146 2685 Sibing
1178 2642 1218 2677 T.
1250 2662 1294 2667 —-
1323 2642 1341 2668 d
1357 2641 1568 2677 Reinoldum
1603 2642 1664 2684 W;
1689 2643 1779 2687 Rig-

225 2694 381 2729 moldum
398 2696 445 2730 A.
475 2697 507 2732 J
513 2710 526 2741 ;
550 2698 797 2733 Richmoldum
825 2699 858 2734 T
866 2713 874 2741 ;
900 2699 1112 2734 Rienoldum
1139 2700 1188 2735 X.
1217 2721 1260 2725 —
1291 2708 1306 2727 e
1330 2701 1472 2735 nomine
1504 2700 1560 2735 W.
1589 2721 1633 2726 —
1657 2700 1673 2727 f
1692 2705 1780 2738 statt

224 2753 427 2790 in—cuius:
464 2756 579 2791 coloni
615 2757 799 2792 cuiusdam
824 2758 874 2793 N.
903 2758 942 2793 O.
968 2759 1014 2793 P.
1043 2758 1083 2804 Q.
1111 2779 1155 2785 --
1186 2767 1205 2793 g
1229 2760 1372 2804 longam
1397 2759 1637 2804 egritudinem
1661 2760 1778 2795 incur-

224 2812 329 2847 rebat
353 2814 391 2848 in
416 2824 485 2859 qua
508 2815 555 2850 A.
591 2835 634 2840 —
672 2816 691 2841 11
714 2827 748 2861 p.
786 2827 876 2861 corp.
916 2816 1010 2862 desp.
1049 2817 1112 2852 sal.
1147 2817 1208 2852 diu
1245 2817 1338 2862 depr.
1377 2818 1442 2854 iac.
1474 2819 1529 2860 A3
1567 2818 1662 2864 depr.
1699 2819 1776 2854 sine

224 2871 346 2917 aliqua
371 2883 430 2918 spe
467 2873 722 2919 recuperandae
759 2875 887 2910 salutis
914 2876 977 2911 iac.
1007 2876 1044 2911 C.
1070 2876 1116 2911 F.
1142 2877 1178 2912 J.
1208 2877 1248 2912 T.
1281 2877 1323 2912 U.
1348 2877 1415 2913 Br.
