<?xml version="1.0" encoding="UTF-8"?>
<!DOCTYPE html PUBLIC "-//W3C//DTD XHTML 1.0 Transitional//EN"
    "http://www.w3.org/TR/xhtml1/DTD/xhtml1-transitional.dtd">
<html xmlns="http://www.w3.org/1999/xhtml" xml:lang="en" lang="en">
 <head>
  <title>
</title>
<meta http-equiv="Content-Type" content="text/html;charset=utf-8" />
  <meta name='ocr-system' content='tesseract 3.04.00' />
  <meta name='ocr-capabilities' content='ocr_page ocr_carea ocr_par ocr_line ocrx_word'/>
</head>
<body>
  <div class='ocr_page' id='page_1' title='image "./dievitaesanctili00altfuoft_0189.png"; bbox 0 0 1864 3213; ppageno 0'>
   <div class='ocr_carea' id='block_1_1' title="bbox 477 171 1588 226">
    <p class='ocr_par' dir='ltr' id='par_1_1' title="bbox 477 171 1588 226">
     <span class='ocr_line' id='line_1_1' title="bbox 477 171 1588 226; baseline 0.002 -13"><span class='ocrx_word' id='word_1_1' title='bbox 477 172 574 214; x_wconf 87' lang='lat' dir='ltr'>Vita</span> <span class='ocrx_word' id='word_1_2' title='bbox 606 184 684 214; x_wconf 85' lang='lat' dir='ltr'>sec.</span> <span class='ocrx_word' id='word_1_3' title='bbox 718 184 748 214; x_wconf 87' lang='lat' dir='ltr'>s.</span> <span class='ocrx_word' id='word_1_4' title='bbox 781 171 977 226; x_wconf 85' lang='lat' dir='ltr'>Liudgeri</span> <span class='ocrx_word' id='word_1_5' title='bbox 1008 171 1079 214; x_wconf 88' lang='lat' dir='ltr'>lib.</span> <span class='ocrx_word' id='word_1_6' title='bbox 1111 171 1142 212; x_wconf 94' lang='lat' dir='ltr'>I.</span> <span class='ocrx_word' id='word_1_7' title='bbox 1533 173 1588 215; x_wconf 84' lang='lat'>63</span> 
     </span>
    </p>
   </div>
   <div class='ocr_carea' id='block_1_2' title="bbox 28 289 1590 416">
    <p class='ocr_par' dir='ltr' id='par_1_2' title="bbox 28 289 1590 416">
     <span class='ocr_line' id='line_1_2' title="bbox 33 289 1590 344; baseline -0.004 -6"><span class='ocrx_word' id='word_1_8' title='bbox 33 302 209 338; x_wconf 89' lang='lat' dir='ltr'>rabiles</span> <span class='ocrx_word' id='word_1_9' title='bbox 235 313 292 336; x_wconf 88' lang='lat' dir='ltr'>nu</span> <span class='ocrx_word' id='word_1_10' title='bbox 305 303 322 336; x_wconf 84' lang='lat' dir='ltr'>t</span> <span class='ocrx_word' id='word_1_11' title='bbox 335 301 498 341; x_wconf 87' lang='lat' dir='ltr'>rierat,</span> <span class='ocrx_word' id='word_1_12' title='bbox 525 311 600 344; x_wconf 83' lang='lat' dir='ltr'>per</span> <span class='ocrx_word' id='word_1_13' title='bbox 639 300 714 334; x_wconf 88' lang='lat' dir='ltr'>loca</span> <span class='ocrx_word' id='word_1_14' title='bbox 754 310 773 333; x_wconf 94' lang='lat' dir='ltr'>o</span> <span class='ocrx_word' id='word_1_15' title='bbox 788 299 838 334; x_wconf 90' lang='lat' dir='ltr'>rd</span> <span class='ocrx_word' id='word_1_16' title='bbox 853 300 973 334; x_wconf 87' lang='lat' dir='ltr'>inans</span> <span class='ocrx_word' id='word_1_17' title='bbox 986 300 1007 341; x_wconf 89' lang='lat'>¹,</span> <span class='ocrx_word' id='word_1_18' title='bbox 1065 289 1259 331; x_wconf 81' lang='lat' dir='ltr'>iocundus</span> <span class='ocrx_word' id='word_1_19' title='bbox 1314 289 1494 332; x_wconf 81' lang='lat' dir='ltr'>moribus</span> <span class='ocrx_word' id='word_1_20' title='bbox 1549 290 1590 332; x_wconf 73' lang='lat' dir='ltr'>et</span> 
     </span>
     <span class='ocr_line' id='line_1_3' title="bbox 28 360 1589 416; baseline -0.001 -11"><span class='ocrx_word' id='word_1_21' title='bbox 28 362 285 405; x_wconf 70' lang='lat' dir='ltr'>humanitate</span> <span class='ocrx_word' id='word_1_22' title='bbox 316 361 493 415; x_wconf 86' lang='lat' dir='ltr'>plurima</span> <span class='ocrx_word' id='word_1_23' title='bbox 526 360 755 401; x_wconf 76' lang='lat' dir='ltr'>doctrinam</span> <span class='ocrx_word' id='word_1_24' title='bbox 802 373 918 401; x_wconf 89' lang='lat' dir='ltr'>suam</span> <span class='ocrx_word' id='word_1_25' title='bbox 965 360 1254 413; x_wconf 75' lang='lat' dir='ltr'>acceptabilem</span> <span class='ocrx_word' id='word_1_26' title='bbox 1302 373 1589 416; x_wconf 81' lang='lat' dir='ltr'>usquequaque</span> 
     </span>
    </p>
   </div>
   <div class='ocr_carea' id='block_1_3' title="bbox 29 434 1589 491">
    <p class='ocr_par' dir='ltr' id='par_1_3' title="bbox 29 434 1589 491">
     <span class='ocr_line' id='line_1_4' title="bbox 29 434 1589 491; baseline 0.001 -15"><span class='ocrx_word' id='word_1_27' title='bbox 29 434 194 491; x_wconf 57' lang='lat' dir='ltr'>faciens,</span> <span class='ocrx_word' id='word_1_28' title='bbox 238 444 345 478; x_wconf 90' lang='lat' dir='ltr'>donec</span> <span class='ocrx_word' id='word_1_29' title='bbox 370 443 445 477; x_wconf 92' lang='lat' dir='ltr'>Deo</span> <span class='ocrx_word' id='word_1_30' title='bbox 469 442 668 476; x_wconf 78' lang='lat' dir='ltr'>auxiliante</span> <span class='ocrx_word' id='word_1_31' title='bbox 693 442 732 476; x_wconf 89' lang='lat' dir='ltr'>in</span> <span class='ocrx_word' id='word_1_32' title='bbox 757 441 874 476; x_wconf 85' lang='lat' dir='ltr'>Frisia</span> <span class='ocrx_word' id='word_1_33' title='bbox 900 443 965 476; x_wconf 76' lang='lat' dir='ltr'>eta</span> <span class='ocrx_word' id='word_1_34' title='bbox 991 441 1143 476; x_wconf 83' lang='lat' dir='ltr'>Saxonia</span> <span class='ocrx_word' id='word_1_35' title='bbox 1168 444 1323 486; x_wconf 87' lang='lat' dir='ltr'>pararet,</span> <span class='ocrx_word' id='word_1_36' title='bbox 1349 444 1392 477; x_wconf 86' lang='lat' dir='ltr'>ut</span> <span class='ocrx_word' id='word_1_37' title='bbox 1418 444 1589 488; x_wconf 88' lang='lat' dir='ltr'>scriptum</span> 
     </span>
    </p>
   </div>
   <div class='ocr_carea' id='block_1_4' title="bbox 30 500 1643 607">
    <p class='ocr_par' dir='ltr' id='par_1_4' title="bbox 30 500 1643 607">
     <span class='ocr_line' id='line_1_5' title="bbox 30 500 724 547; baseline -0.007 -8"><span class='ocrx_word' id='word_1_38' title='bbox 30 507 87 539; x_wconf 85' lang='lat' dir='ltr'>est</span> <span class='ocrx_word' id='word_1_39' title='bbox 103 504 127 546; x_wconf 79' lang='lat'>2,</span> <span class='ocrx_word' id='word_1_40' title='bbox 153 503 305 538; x_wconf 89' lang='lat' dir='ltr'>Domino</span> <span class='ocrx_word' id='word_1_41' title='bbox 329 502 471 547; x_wconf 83' lang='lat' dir='ltr'>plebem</span> <span class='ocrx_word' id='word_1_42' title='bbox 495 500 688 545; x_wconf 78' lang='lat' dir='ltr'>perfectam</span> <span class='ocrx_word' id='word_1_43' title='bbox 699 501 724 535; x_wconf 75' lang='lat'>³.</span> 
     </span>
     <span class='ocr_line' id='line_1_6' title="bbox 173 559 1643 607; baseline -0.001 -10"><span class='ocrx_word' id='word_1_44' title='bbox 173 563 227 597; x_wconf 84' lang='lat'>18.</span> <span class='ocrx_word' id='word_1_45' title='bbox 255 561 408 607; x_wconf 86' lang='lat' dir='ltr'>Cupiens</span> <span class='ocrx_word' id='word_1_46' title='bbox 434 562 554 595; x_wconf 86' lang='lat' dir='ltr'>autem</span> <span class='ocrx_word' id='word_1_47' title='bbox 581 562 618 594; x_wconf 89' lang='lat' dir='ltr'>et</span> <span class='ocrx_word' id='word_1_48' title='bbox 644 560 726 594; x_wconf 84' lang='lat' dir='ltr'>aliis</span> <span class='ocrx_word' id='word_1_49' title='bbox 752 559 921 603; x_wconf 84' lang='lat' dir='ltr'>gentibus</span> <span class='ocrx_word' id='word_1_50' title='bbox 947 560 1174 604; x_wconf 85' lang='lat' dir='ltr'>euangelium</span> <span class='ocrx_word' id='word_1_51' title='bbox 1218 559 1432 595; x_wconf 85' lang='lat' dir='ltr'>adnunciare</span> <span class='ocrx_word' id='word_1_52' title='bbox 1459 563 1496 595; x_wconf 94' lang='lat' dir='ltr'>et</span> <span class='ocrx_word' id='word_1_53' title='bbox 1521 560 1589 595; x_wconf 90' lang='lat' dir='ltr'>Dei</span> <span class='ocrx_word' id='word_1_54' title='bbox 1642 576 1643 579; x_wconf 45' lang='lat'>¹</span> 
     </span>
    </p>
   </div>
   <div class='ocr_carea' id='block_1_5' title="bbox 28 619 1590 786">
    <p class='ocr_par' dir='ltr' id='par_1_5' title="bbox 28 619 1590 786">
     <span class='ocr_line' id='line_1_7' title="bbox 28 619 1590 665; baseline -0.002 -8"><span class='ocrx_word' id='word_1_55' title='bbox 28 621 166 658; x_wconf 84' lang='lat' dir='ltr'>adferre</span> <span class='ocrx_word' id='word_1_56' title='bbox 186 622 366 662; x_wconf 80' lang='lat' dir='ltr'>noticiam,</span> <span class='ocrx_word' id='word_1_57' title='bbox 393 631 470 655; x_wconf 88' lang='lat' dir='ltr'>cum</span> <span class='ocrx_word' id='word_1_58' title='bbox 497 619 804 665; x_wconf 86' lang='lat' dir='ltr'>imperatoris</span> <span class='ocrx_word' id='word_1_59' title='bbox 830 620 1063 654; x_wconf 88' lang='lat' dir='ltr'>consiliob</span> <span class='ocrx_word' id='word_1_60' title='bbox 1089 619 1266 664; x_wconf 86' lang='lat' dir='ltr'>profectus</span> <span class='ocrx_word' id='word_1_61' title='bbox 1284 622 1338 654; x_wconf 89' lang='lat' dir='ltr'>est</span> <span class='ocrx_word' id='word_1_62' title='bbox 1373 619 1423 654; x_wconf 88' lang='lat' dir='ltr'>ad</span> <span class='ocrx_word' id='word_1_63' title='bbox 1449 630 1590 665; x_wconf 85' lang='lat' dir='ltr'>quan-</span> 
     </span>
     <span class='ocr_line' id='line_1_8' title="bbox 29 678 1589 724; baseline -0.002 -8"><span class='ocrx_word' id='word_1_64' title='bbox 29 681 124 716; x_wconf 87' lang='lat' dir='ltr'>dam</span> <span class='ocrx_word' id='word_1_65' title='bbox 150 681 348 715; x_wconf 86' lang='lat' dir='ltr'>insulam</span> <span class='ocrx_word' id='word_1_66' title='bbox 377 680 423 714; x_wconf 91' lang='lat' dir='ltr'>in</span> <span class='ocrx_word' id='word_1_67' title='bbox 448 679 660 714; x_wconf 88' lang='lat' dir='ltr'>confinio</span> <span class='ocrx_word' id='word_1_68' title='bbox 678 678 925 713; x_wconf 83' lang='lat' dir='ltr'>Fresonum</span> <span class='ocrx_word' id='word_1_69' title='bbox 946 681 982 713; x_wconf 91' lang='lat' dir='ltr'>et</span> <span class='ocrx_word' id='word_1_70' title='bbox 1007 679 1450 723; x_wconf 76' lang='lat' dir='ltr'>Danorumpositame,</span> <span class='ocrx_word' id='word_1_71' title='bbox 1478 689 1589 724; x_wconf 89' lang='lat' dir='ltr'>quae</span> 
     </span>
     <span class='ocr_line' id='line_1_9' title="bbox 29 737 1589 786; baseline -0.002 -11"><span class='ocrx_word' id='word_1_72' title='bbox 29 752 50 776; x_wconf 87' lang='lat' dir='ltr'>a</span> <span class='ocrx_word' id='word_1_73' title='bbox 75 740 227 786; x_wconf 88' lang='lat' dir='ltr'>quodam</span> <span class='ocrx_word' id='word_1_74' title='bbox 253 740 431 778; x_wconf 86' lang='lat' dir='ltr'>Fosete.</span> <span class='ocrx_word' id='word_1_75' title='bbox 458 739 593 784; x_wconf 81' lang='lat' dir='ltr'>quemd</span> <span class='ocrx_word' id='word_1_76' title='bbox 631 738 747 773; x_wconf 88' lang='lat' dir='ltr'>stulta</span> <span class='ocrx_word' id='word_1_77' title='bbox 785 739 976 782; x_wconf 80' lang='lat' dir='ltr'>gentilitas</span> <span class='ocrx_word' id='word_1_78' title='bbox 1015 737 1119 772; x_wconf 90' lang='lat' dir='ltr'>deum</span> <span class='ocrx_word' id='word_1_79' title='bbox 1154 738 1358 779; x_wconf 85' lang='lat' dir='ltr'>estimabat,</span> <span class='ocrx_word' id='word_1_80' title='bbox 1385 738 1589 773; x_wconf 83' lang='lat' dir='ltr'>Fosetes-</span> 
     </span>
    </p>
   </div>
   <div class='ocr_carea' id='block_1_6' title="bbox 27 797 1592 995">
    <p class='ocr_par' dir='ltr' id='par_1_6' title="bbox 27 797 1592 995">
     <span class='ocr_line' id='line_1_10' title="bbox 27 797 1590 868; baseline -0.004 -21"><span class='ocrx_word' id='word_1_81' title='bbox 27 812 41 847; x_wconf 94' lang='lat' dir='ltr'>l</span> <span class='ocrx_word' id='word_1_82' title='bbox 53 812 72 847; x_wconf 83' lang='lat' dir='ltr'>a</span> <span class='ocrx_word' id='word_1_83' title='bbox 83 824 106 846; x_wconf 92' lang='lat' dir='ltr'>n</span> <span class='ocrx_word' id='word_1_84' title='bbox 118 812 140 846; x_wconf 91' lang='lat' dir='ltr'>d</span> <span class='ocrx_word' id='word_1_85' title='bbox 165 823 185 846; x_wconf 89' lang='lat' dir='ltr'>a</span> <span class='ocrx_word' id='word_1_86' title='bbox 194 823 215 856; x_wconf 88' lang='lat' dir='ltr'>p</span> <span class='ocrx_word' id='word_1_87' title='bbox 224 823 276 868; x_wconf 43' lang='lat' dir='ltr'>p‘e</span> <span class='ocrx_word' id='word_1_88' title='bbox 287 812 348 846; x_wconf 87' lang='lat' dir='ltr'>lla</span> <span class='ocrx_word' id='word_1_89' title='bbox 360 811 467 846; x_wconf 88' lang='lat' dir='ltr'>batur</span> <span class='ocrx_word' id='word_1_90' title='bbox 479 819 503 846; x_wconf 71' lang='lat' dir='ltr'>e.</span> <span class='ocrx_word' id='word_1_91' title='bbox 532 810 579 844; x_wconf 87' lang='lat' dir='ltr'>Et</span> <span class='ocrx_word' id='word_1_92' title='bbox 589 810 603 835; x_wconf 85' lang='lat' dir='ltr'><strong>f</strong></span> <span class='ocrx_word' id='word_1_93' title='bbox 613 820 630 844; x_wconf 88' lang='lat' dir='ltr'>c</span> <span class='ocrx_word' id='word_1_94' title='bbox 640 821 662 844; x_wconf 92' lang='lat' dir='ltr'>u</span> <span class='ocrx_word' id='word_1_95' title='bbox 673 820 707 843; x_wconf 91' lang='lat' dir='ltr'>m</span> <span class='ocrx_word' id='word_1_96' title='bbox 738 810 809 844; x_wconf 88' lang='lat' dir='ltr'>iam</span> <span class='ocrx_word' id='word_1_97' title='bbox 844 820 864 843; x_wconf 88' lang='lat' dir='ltr'>a</span> <span class='ocrx_word' id='word_1_98' title='bbox 878 821 900 854; x_wconf 90' lang='lat' dir='ltr'>p</span> <span class='ocrx_word' id='word_1_99' title='bbox 910 820 931 853; x_wconf 88' lang='lat' dir='ltr'>p</span> <span class='ocrx_word' id='word_1_100' title='bbox 946 809 1150 844; x_wconf 82' lang='lat' dir='ltr'>roximante</span> <span class='ocrx_word' id='word_1_101' title='bbox 1175 810 1260 843; x_wconf 81' lang='lat' dir='ltr'>navi</span> <span class='ocrx_word' id='word_1_102' title='bbox 1287 798 1420 839; x_wconf 72' lang='lat' dir='ltr'>insula</span> <span class='ocrx_word' id='word_1_103' title='bbox 1459 797 1590 840; x_wconf 78' lang='lat' dir='ltr'>videri</span> 
     </span>
     <span class='ocr_line' id='line_1_11' title="bbox 27 868 1590 929; baseline -0.006 -11"><span class='ocrx_word' id='word_1_104' title='bbox 27 873 162 929; x_wconf 64' lang='lat' dir='ltr'>POSSeiZ</span> <span class='ocrx_word' id='word_1_105' title='bbox 173 881 203 923; x_wconf 73' lang='lat' dir='ltr'>g,</span> <span class='ocrx_word' id='word_1_106' title='bbox 251 884 394 926; x_wconf 85' lang='lat' dir='ltr'>accepta</span> <span class='ocrx_word' id='word_1_107' title='bbox 421 882 466 915; x_wconf 92' lang='lat' dir='ltr'>in</span> <span class='ocrx_word' id='word_1_108' title='bbox 493 892 527 915; x_wconf 89' lang='lat' dir='ltr'>m</span> <span class='ocrx_word' id='word_1_109' title='bbox 538 892 590 915; x_wconf 88' lang='lat' dir='ltr'>an</span> <span class='ocrx_word' id='word_1_110' title='bbox 601 881 612 914; x_wconf 92' lang='lat' dir='ltr'>i</span> <span class='ocrx_word' id='word_1_111' title='bbox 623 880 646 915; x_wconf 89' lang='lat' dir='ltr'>b</span> <span class='ocrx_word' id='word_1_112' title='bbox 658 892 679 914; x_wconf 92' lang='lat' dir='ltr'>u</span> <span class='ocrx_word' id='word_1_113' title='bbox 691 892 706 915; x_wconf 88' lang='lat' dir='ltr'>s</span> <span class='ocrx_word' id='word_1_114' title='bbox 719 881 737 906; x_wconf 85' lang='lat' dir='ltr'>h</span> <span class='ocrx_word' id='word_1_115' title='bbox 762 891 779 915; x_wconf 87' lang='lat' dir='ltr'>c</span> <span class='ocrx_word' id='word_1_116' title='bbox 791 893 808 915; x_wconf 87' lang='lat' dir='ltr'>r</span> <span class='ocrx_word' id='word_1_117' title='bbox 818 892 841 915; x_wconf 87' lang='lat' dir='ltr'>u</span> <span class='ocrx_word' id='word_1_118' title='bbox 855 891 872 915; x_wconf 89' lang='lat' dir='ltr'>c</span> <span class='ocrx_word' id='word_1_119' title='bbox 883 891 900 915; x_wconf 90' lang='lat' dir='ltr'>e</span> <span class='ocrx_word' id='word_1_120' title='bbox 926 880 1127 924; x_wconf 84' lang='lat' dir='ltr'>Liudgerus</span> <span class='ocrx_word' id='word_1_121' title='bbox 1142 881 1151 906; x_wconf 80' lang='lat' dir='ltr'>i</span> <span class='ocrx_word' id='word_1_122' title='bbox 1195 870 1398 923; x_wconf 79' lang='lat' dir='ltr'>psalmum</span> <span class='ocrx_word' id='word_1_123' title='bbox 1454 869 1561 910; x_wconf 79' lang='lat' dir='ltr'>hunc</span> <span class='ocrx_word' id='word_1_124' title='bbox 1570 868 1590 895; x_wconf 83' lang='lat' dir='ltr'>k</span> 
     </span>
     <span class='ocr_line' id='line_1_12' title="bbox 29 939 1592 995; baseline -0.002 -11"><span class='ocrx_word' id='word_1_125' title='bbox 29 943 263 985; x_wconf 81' lang='lat' dir='ltr'>decantavit</span> <span class='ocrx_word' id='word_1_126' title='bbox 283 943 321 983; x_wconf 63' lang='lat'>⁴³:</span> <span class='ocrx_word' id='word_1_127' title='bbox 361 941 567 995; x_wconf 77' lang='lat' dir='ltr'>„Exurgat</span> <span class='ocrx_word' id='word_1_128' title='bbox 597 941 708 982; x_wconf 89' lang='lat' dir='ltr'>Deus</span> <span class='ocrx_word' id='word_1_129' title='bbox 731 941 770 982; x_wconf 92' lang='lat' dir='ltr'>et</span> <span class='ocrx_word' id='word_1_130' title='bbox 792 941 1039 994; x_wconf 85' lang='lat' dir='ltr'>dissipentur</span> <span class='ocrx_word' id='word_1_131' title='bbox 1062 941 1215 982; x_wconf 83' lang='lat' dir='ltr'>inimici</span> <span class='ocrx_word' id='word_1_132' title='bbox 1239 941 1324 982; x_wconf 90' lang='lat' dir='ltr'>eius</span> <span class='ocrx_word' id='word_1_133' title='bbox 1357 941 1396 982; x_wconf 90' lang='lat' dir='ltr'>et</span> <span class='ocrx_word' id='word_1_134' title='bbox 1427 939 1592 994; x_wconf 83' lang='lat' dir='ltr'>fugiant</span> 
     </span>
    </p>
   </div>
   <div class='ocr_carea' id='block_1_7' title="bbox 26 1013 1588 1127">
    <p class='ocr_par' dir='ltr' id='par_1_7' title="bbox 26 1013 1588 1127">
     <span class='ocr_line' id='line_1_13' title="bbox 26 1013 1588 1067; baseline 0 -12"><span class='ocrx_word' id='word_1_135' title='bbox 26 1025 51 1055; x_wconf 79' lang='lat' dir='ltr'>a</span> <span class='ocrx_word' id='word_1_136' title='bbox 81 1013 184 1056; x_wconf 79' lang='lat' dir='ltr'>facie</span> <span class='ocrx_word' id='word_1_137' title='bbox 216 1013 313 1065; x_wconf 75' lang='lat' dir='ltr'>eius,</span> <span class='ocrx_word' id='word_1_138' title='bbox 357 1013 426 1067; x_wconf 80' lang='lat' dir='ltr'>qui</span> <span class='ocrx_word' id='word_1_139' title='bbox 457 1013 627 1054; x_wconf 71' lang='lat' dir='ltr'>Oderunt</span> <span class='ocrx_word' id='word_1_140' title='bbox 660 1016 773 1053; x_wconf 77' lang='lat' dir='ltr'>eum“</span> <span class='ocrx_word' id='word_1_141' title='bbox 791 1013 813 1052; x_wconf 75' lang='grc' dir='ltr'>Ῑ.</span> <span class='ocrx_word' id='word_1_142' title='bbox 878 1022 965 1057; x_wconf 86' lang='lat' dir='ltr'>Ecce</span> <span class='ocrx_word' id='word_1_143' title='bbox 985 1024 1105 1056; x_wconf 88' lang='lat' dir='ltr'>autem</span> <span class='ocrx_word' id='word_1_144' title='bbox 1124 1024 1272 1066; x_wconf 88' lang='lat' dir='ltr'>repente</span> <span class='ocrx_word' id='word_1_145' title='bbox 1287 1033 1418 1063; x_wconf 79' lang='lat' dir='ltr'>omnes,</span> <span class='ocrx_word' id='word_1_146' title='bbox 1446 1023 1518 1067; x_wconf 88' lang='lat' dir='ltr'>qui</span> <span class='ocrx_word' id='word_1_147' title='bbox 1544 1022 1588 1055; x_wconf 91' lang='lat' dir='ltr'>in</span> 
     </span>
     <span class='ocr_line' id='line_1_14' title="bbox 26 1081 1588 1127; baseline -0.001 -10"><span class='ocrx_word' id='word_1_148' title='bbox 26 1083 90 1117; x_wconf 88' lang='lat' dir='ltr'>illo</span> <span class='ocrx_word' id='word_1_149' title='bbox 116 1083 311 1127; x_wconf 78' lang='lat' dir='ltr'>navigiol</span> <span class='ocrx_word' id='word_1_150' title='bbox 339 1084 484 1124; x_wconf 77' lang='lat' dir='ltr'>erant,</span> <span class='ocrx_word' id='word_1_151' title='bbox 505 1081 728 1116; x_wconf 89' lang='lat' dir='ltr'>viderunt</span> <span class='ocrx_word' id='word_1_152' title='bbox 755 1081 1034 1116; x_wconf 77' lang='lat' dir='ltr'>densissimanim</span> <span class='ocrx_word' id='word_1_153' title='bbox 1064 1081 1193 1116; x_wconf 87' lang='lat' dir='ltr'>nubem</span> <span class='ocrx_word' id='word_1_154' title='bbox 1229 1084 1293 1116; x_wconf 81' lang='lat' dir='ltr'>etn</span> <span class='ocrx_word' id='word_1_155' title='bbox 1320 1081 1588 1125; x_wconf 81' lang='lat' dir='ltr'>caliginem</span> 
     </span>
    </p>
   </div>
   <div class='ocr_carea' id='block_1_8' title="bbox 26 1141 1588 1197">
    <p class='ocr_par' dir='ltr' id='par_1_8' title="bbox 26 1141 1588 1197">
     <span class='ocr_line' id='line_1_15' title="bbox 26 1141 1588 1197; baseline -0.002 -12"><span class='ocrx_word' id='word_1_156' title='bbox 26 1143 105 1185; x_wconf 87' lang='lat' dir='ltr'>ad⁰</span> <span class='ocrx_word' id='word_1_157' title='bbox 139 1144 241 1185; x_wconf 84' lang='lat' dir='ltr'>fumi</span> <span class='ocrx_word' id='word_1_158' title='bbox 272 1143 402 1185; x_wconf 90' lang='lat' dir='ltr'>instar</span> <span class='ocrx_word' id='word_1_159' title='bbox 434 1153 484 1188; x_wconf 80' lang='lat' dir='ltr'>de</span> <span class='ocrx_word' id='word_1_160' title='bbox 510 1153 666 1188; x_wconf 79' lang='lat' dir='ltr'>insula</span> <span class='ocrx_word' id='word_1_161' title='bbox 692 1164 861 1197; x_wconf 78' lang='lat' dir='ltr'>exurgere</span> <span class='ocrx_word' id='word_1_162' title='bbox 893 1143 933 1183; x_wconf 87' lang='lat' dir='ltr'>et</span> <span class='ocrx_word' id='word_1_163' title='bbox 976 1141 1144 1195; x_wconf 86' lang='lat' dir='ltr'>desuper</span> <span class='ocrx_word' id='word_1_164' title='bbox 1177 1141 1409 1196; x_wconf 84' lang='lat' dir='ltr'>glomerari,</span> <span class='ocrx_word' id='word_1_165' title='bbox 1444 1141 1588 1183; x_wconf 89' lang='lat' dir='ltr'>deinde</span> 
     </span>
    </p>
   </div>
   <div class='ocr_carea' id='block_1_9' title="bbox 26 1214 1587 1329">
    <p class='ocr_par' dir='ltr' id='par_1_9' title="bbox 26 1214 1587 1329">
     <span class='ocr_line' id='line_1_16' title="bbox 27 1214 1587 1268; baseline 0.001 -13"><span class='ocrx_word' id='word_1_166' title='bbox 27 1214 295 1268; x_wconf 84' lang='lat' dir='ltr'>glomeratam</span> <span class='ocrx_word' id='word_1_167' title='bbox 337 1214 489 1268; x_wconf 89' lang='lat' dir='ltr'>pariter</span> <span class='ocrx_word' id='word_1_168' title='bbox 541 1223 817 1256; x_wconf 74' lang='lat' dir='ltr'>evanescerel‘.</span> <span class='ocrx_word' id='word_1_169' title='bbox 884 1224 1041 1265; x_wconf 76' lang='lat' dir='ltr'>‚Nostis‘‚</span> <span class='ocrx_word' id='word_1_170' title='bbox 1077 1224 1142 1258; x_wconf 76' lang='lat' dir='ltr'>ait</span> <span class='ocrx_word' id='word_1_171' title='bbox 1166 1222 1368 1267; x_wconf 80' lang='lat' dir='ltr'>Liudgerus</span> <span class='ocrx_word' id='word_1_172' title='bbox 1394 1223 1437 1258; x_wconf 81' lang='lat' dir='ltr'>ad</span> <span class='ocrx_word' id='word_1_173' title='bbox 1465 1223 1587 1264; x_wconf 84' lang='lat' dir='ltr'>socios,</span> 
     </span>
     <span class='ocr_line' id='line_1_17' title="bbox 26 1282 1587 1329; baseline -0.001 -11"><span class='ocrx_word' id='word_1_174' title='bbox 26 1285 123 1329; x_wconf 83' lang='lat' dir='ltr'>‚quia</span> <span class='ocrx_word' id='word_1_175' title='bbox 137 1284 374 1329; x_wconf 81' lang='lat' dir='ltr'>effugientisq</span> <span class='ocrx_word' id='word_1_176' title='bbox 400 1284 558 1318; x_wconf 85' lang='lat' dir='ltr'>demonis</span> <span class='ocrx_word' id='word_1_177' title='bbox 584 1284 656 1318; x_wconf 89' lang='lat' dir='ltr'>ista</span> <span class='ocrx_word' id='word_1_178' title='bbox 682 1284 836 1328; x_wconf 82' lang='lat' dir='ltr'>caligo</span> <span class='ocrx_word' id='word_1_179' title='bbox 863 1286 948 1325; x_wconf 80' lang='lat' dir='ltr'>estr,</span> <span class='ocrx_word' id='word_1_180' title='bbox 976 1294 1078 1328; x_wconf 85' lang='lat' dir='ltr'>quem</span> <span class='ocrx_word' id='word_1_181' title='bbox 1104 1282 1206 1317; x_wconf 87' lang='lat' dir='ltr'>modo</span> <span class='ocrx_word' id='word_1_182' title='bbox 1231 1282 1273 1317; x_wconf 93' lang='lat' dir='ltr'>de</span> <span class='ocrx_word' id='word_1_183' title='bbox 1299 1283 1364 1317; x_wconf 89' lang='lat' dir='ltr'>hac</span> <span class='ocrx_word' id='word_1_184' title='bbox 1390 1282 1492 1317; x_wconf 75' lang='lat' dir='ltr'>sedeS</span> <span class='ocrx_word' id='word_1_185' title='bbox 1516 1282 1587 1316; x_wconf 94' lang='lat' dir='ltr'>Do-</span> 
     </span>
    </p>
   </div>
   <div class='ocr_carea' id='block_1_10' title="bbox 24 1343 1587 1829">
    <p class='ocr_par' dir='ltr' id='par_1_10' title="bbox 24 1343 1587 1829">
     <span class='ocr_line' id='line_1_18' title="bbox 27 1343 1587 1398; baseline -0.002 -12"><span class='ocrx_word' id='word_1_186' title='bbox 27 1355 144 1390; x_wconf 84' lang='lat' dir='ltr'>minus</span> <span class='ocrx_word' id='word_1_187' title='bbox 156 1356 169 1381; x_wconf 81' lang='lat' dir='ltr'>t</span> <span class='ocrx_word' id='word_1_188' title='bbox 213 1345 290 1386; x_wconf 86' lang='lat' dir='ltr'>iter</span> <span class='ocrx_word' id='word_1_189' title='bbox 337 1345 517 1386; x_wconf 83' lang='lat' dir='ltr'>nostrum</span> <span class='ocrx_word' id='word_1_190' title='bbox 561 1345 796 1397; x_wconf 87' lang='lat' dir='ltr'>preveniens</span> <span class='ocrx_word' id='word_1_191' title='bbox 843 1366 860 1389; x_wconf 79' lang='lat' dir='ltr'>e</span> <span class='ocrx_word' id='word_1_192' title='bbox 873 1354 1088 1398; x_wconf 75' lang='lat' dir='ltr'>ffugavit‘.</span> <span class='ocrx_word' id='word_1_193' title='bbox 1115 1354 1164 1388; x_wconf 72' lang='lat' dir='ltr'>Et</span> <span class='ocrx_word' id='word_1_194' title='bbox 1200 1355 1242 1388; x_wconf 82' lang='lat' dir='ltr'>in</span> <span class='ocrx_word' id='word_1_195' title='bbox 1256 1355 1359 1389; x_wconf 82' lang='lat' dir='ltr'>sula</span> <span class='ocrx_word' id='word_1_196' title='bbox 1373 1365 1407 1388; x_wconf 90' lang='lat' dir='ltr'>m</span> <span class='ocrx_word' id='word_1_197' title='bbox 1453 1343 1587 1384; x_wconf 86' lang='lat' dir='ltr'>alacer</span> 
     </span>
     <span class='ocr_line' id='line_1_19' title="bbox 26 1413 1587 1470; baseline -0.001 -10"><span class='ocrx_word' id='word_1_198' title='bbox 26 1426 224 1470; x_wconf 84' lang='lat' dir='ltr'>ingressus,</span> <span class='ocrx_word' id='word_1_199' title='bbox 251 1426 396 1461; x_wconf 87' lang='lat' dir='ltr'>verbum</span> <span class='ocrx_word' id='word_1_200' title='bbox 422 1427 566 1461; x_wconf 83' lang='lat' dir='ltr'>Domini</span> <span class='ocrx_word' id='word_1_201' title='bbox 592 1424 802 1470; x_wconf 84' lang='lat' dir='ltr'>predicavit.</span> <span class='ocrx_word' id='word_1_202' title='bbox 849 1416 1023 1457; x_wconf 43' lang='lat' dir='ltr'>Tantam</span> <span class='ocrx_word' id='word_1_203' title='bbox 1055 1416 1189 1457; x_wconf 82' lang='lat' dir='ltr'>autem</span> <span class='ocrx_word' id='word_1_204' title='bbox 1222 1415 1331 1457; x_wconf 67' lang='lat' dir='ltr'>DssUS</span> <span class='ocrx_word' id='word_1_205' title='bbox 1364 1413 1587 1468; x_wconf 71' lang='lat' dir='ltr'>pOiZenffiam</span> 
     </span>
     <span class='ocr_line' id='line_1_20' title="bbox 28 1487 1586 1539; baseline 0.001 -11"><span class='ocrx_word' id='word_1_206' title='bbox 28 1487 159 1529; x_wconf 81' lang='lat' dir='ltr'>verbis</span> <span class='ocrx_word' id='word_1_207' title='bbox 194 1488 278 1528; x_wconf 83' lang='lat' dir='ltr'>eius</span> <span class='ocrx_word' id='word_1_208' title='bbox 310 1487 469 1539; x_wconf 66' lang='lat' dir='ltr'>tribuit,</span> <span class='ocrx_word' id='word_1_209' title='bbox 503 1488 549 1528; x_wconf 66' lang='lat' dir='ltr'>ub</span> <span class='ocrx_word' id='word_1_210' title='bbox 565 1500 702 1529; x_wconf 79' lang='lat' dir='ltr'>omnes</span> <span class='ocrx_word' id='word_1_211' title='bbox 714 1495 733 1514; x_wconf 78' lang='lat'>¹¹</span> <span class='ocrx_word' id='word_1_212' title='bbox 750 1497 789 1532; x_wconf 89' lang='lat' dir='ltr'>fi</span> <span class='ocrx_word' id='word_1_213' title='bbox 805 1497 882 1533; x_wconf 87' lang='lat' dir='ltr'>dem</span> <span class='ocrx_word' id='word_1_214' title='bbox 901 1497 1006 1533; x_wconf 88' lang='lat' dir='ltr'>Chri</span> <span class='ocrx_word' id='word_1_215' title='bbox 1020 1498 1078 1532; x_wconf 89' lang='lat' dir='ltr'>sti</span> <span class='ocrx_word' id='word_1_216' title='bbox 1093 1497 1267 1532; x_wconf 89' lang='lat' dir='ltr'>confessos</span> <span class='ocrx_word' id='word_1_217' title='bbox 1285 1498 1327 1532; x_wconf 92' lang='lat' dir='ltr'>in</span> <span class='ocrx_word' id='word_1_218' title='bbox 1346 1504 1440 1531; x_wconf 80' lang='lat' dir='ltr'>unov</span> <span class='ocrx_word' id='word_1_219' title='bbox 1457 1495 1529 1530; x_wconf 87' lang='lat' dir='ltr'>fon</span> <span class='ocrx_word' id='word_1_220' title='bbox 1544 1497 1586 1529; x_wconf 87' lang='lat' dir='ltr'>te</span> 
     </span>
     <span class='ocr_line' id='line_1_21' title="bbox 27 1556 1587 1613; baseline -0.001 -9"><span class='ocrx_word' id='word_1_221' title='bbox 27 1567 49 1604; x_wconf 92' lang='lat' dir='ltr'>b</span> <span class='ocrx_word' id='word_1_222' title='bbox 61 1570 135 1613; x_wconf 86' lang='lat' dir='ltr'>apt</span> <span class='ocrx_word' id='word_1_223' title='bbox 150 1568 214 1603; x_wconf 88' lang='lat' dir='ltr'>iza</span> <span class='ocrx_word' id='word_1_224' title='bbox 225 1569 318 1603; x_wconf 90' lang='lat' dir='ltr'>verit</span> <span class='ocrx_word' id='word_1_225' title='bbox 371 1572 408 1604; x_wconf 89' lang='lat' dir='ltr'>et</span> <span class='ocrx_word' id='word_1_226' title='bbox 422 1577 447 1595; x_wconf 78' lang='lat' dir='ltr'>W</span> <span class='ocrx_word' id='word_1_227' title='bbox 484 1569 594 1603; x_wconf 86' lang='lat' dir='ltr'>Fose</span> <span class='ocrx_word' id='word_1_228' title='bbox 608 1569 673 1603; x_wconf 89' lang='lat' dir='ltr'>tis</span> <span class='ocrx_word' id='word_1_229' title='bbox 744 1568 843 1603; x_wconf 85' lang='lat' dir='ltr'>fana</span> <span class='ocrx_word' id='word_1_230' title='bbox 903 1569 1089 1604; x_wconf 85' lang='lat' dir='ltr'>destrue</span> <span class='ocrx_word' id='word_1_231' title='bbox 1103 1571 1250 1611; x_wconf 85' lang='lat' dir='ltr'>rentur,</span> <span class='ocrx_word' id='word_1_232' title='bbox 1310 1556 1587 1603; x_wconf 61' lang='lat' dir='ltr'>fabricarentur</span> 
     </span>
     <span class='ocr_line' id='line_1_22' title="bbox 26 1629 1585 1685; baseline -0.001 -11"><span class='ocrx_word' id='word_1_233' title='bbox 26 1640 236 1681; x_wconf 72' lang='lat' dir='ltr'>aecclesiae,</span> <span class='ocrx_word' id='word_1_234' title='bbox 255 1629 353 1683; x_wconf 75' lang='lat' dir='ltr'>ipse,</span> <span class='ocrx_word' id='word_1_235' title='bbox 393 1641 531 1685; x_wconf 86' lang='lat' dir='ltr'>princ</span> <span class='ocrx_word' id='word_1_236' title='bbox 547 1651 605 1684; x_wconf 90' lang='lat' dir='ltr'>eps</span> <span class='ocrx_word' id='word_1_237' title='bbox 644 1629 822 1671; x_wconf 68' lang='lat' dir='ltr'>sslflissiae</span> <span class='ocrx_word' id='word_1_238' title='bbox 855 1630 895 1671; x_wconf 71' lang='lat' dir='ltr'>el]</span> <span class='ocrx_word' id='word_1_239' title='bbox 926 1629 1068 1671; x_wconf 74' lang='lat' dir='ltr'>ffljUSx</span> <span class='ocrx_word' id='word_1_240' title='bbox 1096 1641 1233 1675; x_wconf 88' lang='lat' dir='ltr'>insulae</span> <span class='ocrx_word' id='word_1_241' title='bbox 1284 1640 1437 1674; x_wconf 88' lang='lat' dir='ltr'>filium</span> <span class='ocrx_word' id='word_1_242' title='bbox 1482 1650 1585 1673; x_wconf 90' lang='lat' dir='ltr'>suum</span> 
     </span>
     <span class='ocr_line' id='line_1_23' title="bbox 24 1710 1585 1755; baseline -0.001 -9"><span class='ocrx_word' id='word_1_243' title='bbox 24 1710 70 1746; x_wconf 86' lang='lat' dir='ltr'>de</span> <span class='ocrx_word' id='word_1_244' title='bbox 95 1710 112 1745; x_wconf 89' lang='lat' dir='ltr'><strong>f</strong></span> <span class='ocrx_word' id='word_1_245' title='bbox 116 1721 134 1745; x_wconf 94' lang='lat' dir='ltr'>o</span> <span class='ocrx_word' id='word_1_246' title='bbox 144 1713 191 1746; x_wconf 91' lang='lat' dir='ltr'>nt</span> <span class='ocrx_word' id='word_1_247' title='bbox 205 1710 225 1746; x_wconf 69' lang='lat' dir='ltr'>e</span> <span class='ocrx_word' id='word_1_248' title='bbox 246 1721 345 1746; x_wconf 84' lang='lat' dir='ltr'>sacro</span> <span class='ocrx_word' id='word_1_249' title='bbox 383 1711 573 1746; x_wconf 87' lang='lat' dir='ltr'>levandum</span> <span class='ocrx_word' id='word_1_250' title='bbox 610 1711 667 1745; x_wconf 92' lang='lat' dir='ltr'>illi</span> <span class='ocrx_word' id='word_1_251' title='bbox 704 1711 878 1755; x_wconf 82' lang='lat' dir='ltr'>optulerit</span> <span class='ocrx_word' id='word_1_252' title='bbox 915 1710 1084 1745; x_wconf 87' lang='lat' dir='ltr'>vocabulo</span> <span class='ocrx_word' id='word_1_253' title='bbox 1129 1710 1426 1752; x_wconf 81' lang='lat' dir='ltr'>Landricum5,</span> <span class='ocrx_word' id='word_1_254' title='bbox 1466 1712 1585 1754; x_wconf 68' lang='lat' dir='ltr'>quem</span> 
     </span>
     <span class='ocr_line' id='line_1_24' title="bbox 27 1771 1432 1829; baseline 0.001 -16"><span class='ocrx_word' id='word_1_255' title='bbox 27 1771 165 1825; x_wconf 87' lang='lat' dir='ltr'>postea</span> <span class='ocrx_word' id='word_1_256' title='bbox 196 1772 239 1812; x_wconf 90' lang='lat' dir='ltr'>in</span> <span class='ocrx_word' id='word_1_257' title='bbox 270 1772 489 1829; x_wconf 80' lang='lat' dir='ltr'>Fresonum</span> <span class='ocrx_word' id='word_1_258' title='bbox 521 1772 643 1826; x_wconf 87' lang='lat' dir='ltr'>gente</span> <span class='ocrx_word' id='word_1_259' title='bbox 674 1771 912 1826; x_wconf 83' lang='lat' dir='ltr'>religiosum</span> <span class='ocrx_word' id='word_1_260' title='bbox 944 1772 1212 1825; x_wconf 85' lang='lat' dir='ltr'>presbiterum</span> <span class='ocrx_word' id='word_1_261' title='bbox 1245 1771 1432 1814; x_wconf 87' lang='lat' dir='ltr'>vidimus.</span> 
     </span>
    </p>
   </div>
   <div class='ocr_carea' id='block_1_11' title="bbox 27 1843 1585 1956">
    <p class='ocr_par' dir='ltr' id='par_1_11' title="bbox 27 1843 1585 1956">
     <span class='ocr_line' id='line_1_25' title="bbox 172 1843 1585 1898; baseline 0.003 -15"><span class='ocrx_word' id='word_1_262' title='bbox 172 1843 237 1885; x_wconf 84' lang='lat'>19.</span> <span class='ocrx_word' id='word_1_263' title='bbox 282 1843 479 1885; x_wconf 66' lang='lat' dir='ltr'>Posthaec</span> <span class='ocrx_word' id='word_1_264' title='bbox 527 1853 725 1898; x_wconf 84' lang='lat' dir='ltr'>Liudgerus</span> <span class='ocrx_word' id='word_1_265' title='bbox 752 1853 863 1888; x_wconf 85' lang='lat' dir='ltr'>etiam</span> <span class='ocrx_word' id='word_1_266' title='bbox 889 1853 1137 1888; x_wconf 86' lang='lat' dir='ltr'>Nordmannos</span> <span class='ocrx_word' id='word_1_267' title='bbox 1173 1852 1447 1897; x_wconf 87' lang='lat' dir='ltr'>euangelizandi</span> <span class='ocrx_word' id='word_1_268' title='bbox 1485 1863 1585 1897; x_wconf 83' lang='lat' dir='ltr'>gra-</span> 
     </span>
     <span class='ocr_line' id='line_1_26' title="bbox 27 1911 1584 1956; baseline 0.001 -10"><span class='ocrx_word' id='word_1_269' title='bbox 27 1911 94 1946; x_wconf 85' lang='lat' dir='ltr'>tia</span> <span class='ocrx_word' id='word_1_270' title='bbox 119 1911 243 1947; x_wconf 88' lang='lat' dir='ltr'>adire</span> <span class='ocrx_word' id='word_1_271' title='bbox 268 1912 464 1956; x_wconf 85' lang='lat' dir='ltr'>cogitabat.</span> <span class='ocrx_word' id='word_1_272' title='bbox 492 1911 571 1946; x_wconf 88' lang='lat' dir='ltr'>Sed</span> <span class='ocrx_word' id='word_1_273' title='bbox 598 1912 680 1947; x_wconf 88' lang='lat' dir='ltr'>dum</span> <span class='ocrx_word' id='word_1_274' title='bbox 706 1923 750 1947; x_wconf 88' lang='lat' dir='ltr'>re</span> <span class='ocrx_word' id='word_1_275' title='bbox 765 1921 810 1947; x_wconf 63' lang='grc' dir='ltr'>ΧΥ</span> <span class='ocrx_word' id='word_1_276' title='bbox 835 1912 1050 1948; x_wconf 81' lang='lat' dir='ltr'>Karolusz</span> <span class='ocrx_word' id='word_1_277' title='bbox 1075 1913 1152 1947; x_wconf 90' lang='lat' dir='ltr'>hoc</span> <span class='ocrx_word' id='word_1_278' title='bbox 1178 1913 1238 1948; x_wconf 81' lang='lat' dir='ltr'>eia</span> <span class='ocrx_word' id='word_1_279' title='bbox 1256 1923 1327 1947; x_wconf 90' lang='lat' dir='ltr'>non</span> <span class='ocrx_word' id='word_1_280' title='bbox 1345 1912 1584 1954; x_wconf 80' lang='lat' dir='ltr'>concederet⁶‚</span> 
     </span>
    </p>
   </div>
   <div class='ocr_carea' id='block_1_12' title="bbox 26 2017 1584 2127">
    <p class='ocr_par' dir='ltr' id='par_1_12' title="bbox 26 2017 1584 2127">
     <span class='ocr_line' id='line_1_27' title="bbox 166 2017 1584 2064; baseline -0.001 -11"><span class='ocrx_word' id='word_1_281' title='bbox 166 2025 182 2044; x_wconf 79' lang='lat' dir='ltr'>a</span> <span class='ocrx_word' id='word_1_282' title='bbox 207 2019 244 2054; x_wconf 87' lang='lat' dir='ltr'>et</span> <span class='ocrx_word' id='word_1_283' title='bbox 262 2018 300 2053; x_wconf 89' lang='lat' dir='ltr'>in</span> <span class='ocrx_word' id='word_1_284' title='bbox 317 2018 367 2053; x_wconf 90' lang='lat' dir='ltr'>D.</span> <span class='ocrx_word' id='word_1_285' title='bbox 387 2038 429 2043; x_wconf 87' lang='lat'><em>-</em></span> <span class='ocrx_word' id='word_1_286' title='bbox 451 2018 467 2044; x_wconf 81' lang='lat' dir='ltr'>b</span> <span class='ocrx_word' id='word_1_287' title='bbox 487 2018 619 2052; x_wconf 84' lang='lat' dir='ltr'>auxilio</span> <span class='ocrx_word' id='word_1_288' title='bbox 639 2018 685 2053; x_wconf 89' lang='lat' dir='ltr'>A.</span> <span class='ocrx_word' id='word_1_289' title='bbox 708 2038 751 2043; x_wconf 94' lang='lat'>—</span> <span class='ocrx_word' id='word_1_290' title='bbox 770 2026 784 2044; x_wconf 79' lang='lat'>0</span> <span class='ocrx_word' id='word_1_291' title='bbox 802 2017 892 2053; x_wconf 84' lang='lat' dir='ltr'>conf.</span> <span class='ocrx_word' id='word_1_292' title='bbox 913 2030 946 2063; x_wconf 90' lang='lat' dir='ltr'>p.</span> <span class='ocrx_word' id='word_1_293' title='bbox 965 2018 1024 2054; x_wconf 88' lang='lat' dir='ltr'>Fr.</span> <span class='ocrx_word' id='word_1_294' title='bbox 1045 2020 1082 2053; x_wconf 91' lang='lat' dir='ltr'>et</span> <span class='ocrx_word' id='word_1_295' title='bbox 1103 2019 1281 2053; x_wconf 84' lang='lat' dir='ltr'>Denorum</span> <span class='ocrx_word' id='word_1_296' title='bbox 1299 2019 1365 2053; x_wconf 45' lang='lat' dir='ltr'>Bvr.</span> <span class='ocrx_word' id='word_1_297' title='bbox 1385 2039 1427 2043; x_wconf 91' lang='lat'>—</span> <span class='ocrx_word' id='word_1_298' title='bbox 1442 2019 1459 2045; x_wconf 81' lang='lat' dir='ltr'>d</span> <span class='ocrx_word' id='word_1_299' title='bbox 1479 2028 1584 2064; x_wconf 87' lang='lat' dir='ltr'>quam</span> 
     </span>
     <span class='ocr_line' id='line_1_28' title="bbox 26 2077 1583 2127; baseline 0.001 -16"><span class='ocrx_word' id='word_1_300' title='bbox 26 2078 90 2111; x_wconf 84' lang='lat' dir='ltr'>Br.</span> <span class='ocrx_word' id='word_1_301' title='bbox 119 2097 162 2101; x_wconf 97' lang='lat'><strong>—</strong></span> <span class='ocrx_word' id='word_1_302' title='bbox 189 2084 204 2102; x_wconf 81' lang='lat' dir='ltr'>e</span> <span class='ocrx_word' id='word_1_303' title='bbox 230 2089 263 2112; x_wconf 85' lang='lat' dir='ltr'>a.</span> <span class='ocrx_word' id='word_1_304' title='bbox 290 2077 346 2127; x_wconf 55' lang='lat' dir='ltr'>R„</span> <span class='ocrx_word' id='word_1_305' title='bbox 364 2079 445 2120; x_wconf 78' lang='lat' dir='ltr'>(sec.</span> <span class='ocrx_word' id='word_1_306' title='bbox 474 2078 579 2120; x_wconf 87' lang='lat' dir='ltr'><strong><em>XV.)</em></strong></span> <span class='ocrx_word' id='word_1_307' title='bbox 606 2077 788 2112; x_wconf 87' lang='lat' dir='ltr'>theodisca</span> <span class='ocrx_word' id='word_1_308' title='bbox 814 2078 861 2113; x_wconf 87' lang='lat' dir='ltr'>A.</span> <span class='ocrx_word' id='word_1_309' title='bbox 900 2097 943 2101; x_wconf 95' lang='lat'>——-</span> <span class='ocrx_word' id='word_1_310' title='bbox 982 2078 996 2103; x_wconf 83' lang='lat' dir='ltr'><strong>f</strong></span> <span class='ocrx_word' id='word_1_311' title='bbox 1017 2078 1044 2122; x_wconf 81' lang='lat' dir='ltr'>f.</span> <span class='ocrx_word' id='word_1_312' title='bbox 1070 2079 1134 2113; x_wconf 82' lang='lat' dir='ltr'>Br.</span> <span class='ocrx_word' id='word_1_313' title='bbox 1164 2098 1208 2103; x_wconf 85' lang='lat'>--</span> <span class='ocrx_word' id='word_1_314' title='bbox 1246 2086 1264 2111; x_wconf 78' lang='lat' dir='ltr'>g</span> <span class='ocrx_word' id='word_1_315' title='bbox 1288 2078 1354 2113; x_wconf 83' lang='lat' dir='ltr'>ins.</span> <span class='ocrx_word' id='word_1_316' title='bbox 1381 2089 1451 2112; x_wconf 91' lang='lat' dir='ltr'>non</span> <span class='ocrx_word' id='word_1_317' title='bbox 1477 2078 1583 2121; x_wconf 82' lang='lat' dir='ltr'>longe</span> 
     </span>
    </p>
   </div>
   <div class='ocr_carea' id='block_1_13' title="bbox 26 2136 1584 2297">
    <p class='ocr_par' dir='ltr' id='par_1_13' title="bbox 26 2136 1584 2297">
     <span class='ocr_line' id='line_1_29' title="bbox 26 2136 1583 2181; baseline 0.001 -12"><span class='ocrx_word' id='word_1_318' title='bbox 26 2136 143 2180; x_wconf 84' lang='lat' dir='ltr'>posita</span> <span class='ocrx_word' id='word_1_319' title='bbox 169 2136 322 2180; x_wconf 88' lang='lat' dir='ltr'>conspici</span> <span class='ocrx_word' id='word_1_320' title='bbox 349 2148 382 2181; x_wconf 81' lang='lat' dir='ltr'>p.</span> <span class='ocrx_word' id='word_1_321' title='bbox 407 2137 457 2171; x_wconf 89' lang='lat' dir='ltr'>D.</span> <span class='ocrx_word' id='word_1_322' title='bbox 483 2137 549 2171; x_wconf 80' lang='lat' dir='ltr'>Br.</span> <span class='ocrx_word' id='word_1_323' title='bbox 575 2157 618 2161; x_wconf 85' lang='lat'>—</span> <span class='ocrx_word' id='word_1_324' title='bbox 656 2137 674 2163; x_wconf 88' lang='lat' dir='ltr'><strong>h</strong></span> <span class='ocrx_word' id='word_1_325' title='bbox 712 2148 838 2172; x_wconf 90' lang='lat' dir='ltr'>manus</span> <span class='ocrx_word' id='word_1_326' title='bbox 863 2138 928 2173; x_wconf 81' lang='lat' dir='ltr'>Br.</span> <span class='ocrx_word' id='word_1_327' title='bbox 957 2158 1001 2162; x_wconf 97' lang='lat'><strong>—</strong></span> <span class='ocrx_word' id='word_1_328' title='bbox 1039 2138 1048 2163; x_wconf 82' lang='lat' dir='ltr'>i</span> <span class='ocrx_word' id='word_1_329' title='bbox 1074 2139 1198 2172; x_wconf 86' lang='lat' dir='ltr'>contra</span> <span class='ocrx_word' id='word_1_330' title='bbox 1236 2137 1398 2172; x_wconf 89' lang='lat' dir='ltr'>inimicos</span> <span class='ocrx_word' id='word_1_331' title='bbox 1422 2137 1468 2171; x_wconf 90' lang='lat' dir='ltr'><em>H</em></span> <span class='ocrx_word' id='word_1_332' title='bbox 1471 2151 1478 2178; x_wconf 91' lang='grc'>;</span> <span class='ocrx_word' id='word_1_333' title='bbox 1505 2147 1532 2171; x_wconf 91' lang='lat' dir='ltr'>c.</span> <span class='ocrx_word' id='word_1_334' title='bbox 1560 2137 1583 2171; x_wconf 88' lang='lat' dir='ltr'>i.</span> 
     </span>
     <span class='ocr_line' id='line_1_30' title="bbox 27 2194 1584 2241; baseline 0.001 -13"><span class='ocrx_word' id='word_1_335' title='bbox 27 2206 60 2229; x_wconf 85' lang='lat' dir='ltr'>a.</span> <span class='ocrx_word' id='word_1_336' title='bbox 87 2194 133 2229; x_wconf 81' lang='lat' dir='ltr'>R.</span> <span class='ocrx_word' id='word_1_337' title='bbox 158 2194 204 2229; x_wconf 92' lang='lat' dir='ltr'>A.</span> <span class='ocrx_word' id='word_1_338' title='bbox 234 2215 276 2219; x_wconf 90' lang='lat'>——</span> <span class='ocrx_word' id='word_1_339' title='bbox 302 2195 320 2220; x_wconf 83' lang='lat' dir='ltr'>k</span> <span class='ocrx_word' id='word_1_340' title='bbox 344 2200 431 2231; x_wconf 77' lang='lat' dir='ltr'>statt</span> <span class='ocrx_word' id='word_1_341' title='bbox 463 2196 574 2230; x_wconf 88' lang='lat' dir='ltr'>hunc:</span> <span class='ocrx_word' id='word_1_342' title='bbox 613 2198 655 2231; x_wconf 88' lang='lat' dir='ltr'>ut</span> <span class='ocrx_word' id='word_1_343' title='bbox 693 2196 813 2231; x_wconf 89' lang='lat' dir='ltr'>ferunt</span> <span class='ocrx_word' id='word_1_344' title='bbox 850 2197 1106 2240; x_wconf 83' lang='lat' dir='ltr'>sexagesimum</span> <span class='ocrx_word' id='word_1_345' title='bbox 1144 2197 1335 2241; x_wconf 86' lang='lat' dir='ltr'>septimum</span> <span class='ocrx_word' id='word_1_346' title='bbox 1371 2196 1419 2230; x_wconf 91' lang='lat' dir='ltr'>D.</span> <span class='ocrx_word' id='word_1_347' title='bbox 1446 2197 1510 2230; x_wconf 80' lang='lat' dir='ltr'>Br.</span> <span class='ocrx_word' id='word_1_348' title='bbox 1539 2214 1584 2220; x_wconf 89' lang='lat'>—</span> 
     </span>
     <span class='ocr_line' id='line_1_31' title="bbox 26 2253 1584 2297; baseline 0 -9"><span class='ocrx_word' id='word_1_349' title='bbox 26 2253 36 2279; x_wconf 90' lang='lat'>1</span> <span class='ocrx_word' id='word_1_350' title='bbox 60 2253 111 2289; x_wconf 85' lang='lat' dir='ltr'>D.</span> <span class='ocrx_word' id='word_1_351' title='bbox 136 2253 186 2287; x_wconf 88' lang='grc' dir='ltr'>Η.</span> <span class='ocrx_word' id='word_1_352' title='bbox 213 2254 278 2288; x_wconf 79' lang='lat' dir='ltr'>Br.</span> <span class='ocrx_word' id='word_1_353' title='bbox 303 2265 331 2288; x_wconf 81' lang='lat' dir='ltr'>s.</span> <span class='ocrx_word' id='word_1_354' title='bbox 357 2255 404 2289; x_wconf 77' lang='lat' dir='ltr'>h:</span> <span class='ocrx_word' id='word_1_355' title='bbox 430 2254 530 2289; x_wconf 85' lang='lat' dir='ltr'>Sicut</span> <span class='ocrx_word' id='word_1_356' title='bbox 548 2255 669 2289; x_wconf 88' lang='lat' dir='ltr'>deficit</span> <span class='ocrx_word' id='word_1_357' title='bbox 687 2255 815 2297; x_wconf 88' lang='lat' dir='ltr'>fumus,</span> <span class='ocrx_word' id='word_1_358' title='bbox 842 2255 1011 2290; x_wconf 88' lang='lat' dir='ltr'>deficiant</span> <span class='ocrx_word' id='word_1_359' title='bbox 1029 2258 1066 2290; x_wconf 89' lang='lat' dir='ltr'>et</span> <span class='ocrx_word' id='word_1_360' title='bbox 1091 2256 1152 2290; x_wconf 86' lang='lat' dir='ltr'>rel.</span> <span class='ocrx_word' id='word_1_361' title='bbox 1181 2276 1224 2280; x_wconf 97' lang='lat'><strong>—</strong></span> <span class='ocrx_word' id='word_1_362' title='bbox 1253 2264 1279 2281; x_wconf 83' lang='lat'>111</span> <span class='ocrx_word' id='word_1_363' title='bbox 1305 2266 1382 2290; x_wconf 86' lang='lat' dir='ltr'>cum</span> <span class='ocrx_word' id='word_1_364' title='bbox 1401 2255 1463 2289; x_wconf 93' lang='lat' dir='ltr'>illo</span> <span class='ocrx_word' id='word_1_365' title='bbox 1481 2255 1584 2289; x_wconf 86' lang='lat' dir='ltr'>erant</span> 
     </span>
    </p>
   </div>
   <div class='ocr_carea' id='block_1_14' title="bbox 22 2312 1584 2536">
    <p class='ocr_par' dir='ltr' id='par_1_14' title="bbox 22 2312 1584 2536">
     <span class='ocr_line' id='line_1_32' title="bbox 25 2312 1584 2365; baseline 0.001 -18"><span class='ocrx_word' id='word_1_366' title='bbox 25 2312 91 2347; x_wconf 82' lang='lat' dir='ltr'>Br.</span> <span class='ocrx_word' id='word_1_367' title='bbox 118 2331 162 2338; x_wconf 70' lang='lat'>—</span> <span class='ocrx_word' id='word_1_368' title='bbox 188 2320 206 2338; x_wconf 90' lang='lat'>11</span> <span class='ocrx_word' id='word_1_369' title='bbox 230 2324 264 2347; x_wconf 92' lang='lat' dir='ltr'>n.</span> <span class='ocrx_word' id='word_1_370' title='bbox 291 2315 327 2347; x_wconf 85' lang='lat' dir='ltr'>et</span> <span class='ocrx_word' id='word_1_371' title='bbox 351 2314 378 2357; x_wconf 80' lang='lat' dir='ltr'>f.</span> <span class='ocrx_word' id='word_1_372' title='bbox 405 2314 469 2348; x_wconf 83' lang='lat' dir='ltr'>Br.</span> <span class='ocrx_word' id='word_1_373' title='bbox 500 2333 542 2338; x_wconf 91' lang='grc'>-</span> <span class='ocrx_word' id='word_1_374' title='bbox 569 2321 583 2339; x_wconf 94' lang='lat'>0</span> <span class='ocrx_word' id='word_1_375' title='bbox 609 2315 636 2358; x_wconf 76' lang='lat' dir='ltr'>f.</span> <span class='ocrx_word' id='word_1_376' title='bbox 671 2315 734 2365; x_wconf 52' lang='lat' dir='ltr'>D„</span> <span class='ocrx_word' id='word_1_377' title='bbox 757 2334 802 2340; x_wconf 94' lang='lat'>—-</span> <span class='ocrx_word' id='word_1_378' title='bbox 840 2322 857 2347; x_wconf 77' lang='grc' dir='ltr'>Ρ</span> <span class='ocrx_word' id='word_1_379' title='bbox 895 2314 1094 2349; x_wconf 83' lang='lat' dir='ltr'>discessisse</span> <span class='ocrx_word' id='word_1_380' title='bbox 1132 2315 1219 2358; x_wconf 66' lang='lat' dir='ltr'>Dr,-⁴</span> <span class='ocrx_word' id='word_1_381' title='bbox 1244 2314 1416 2349; x_wconf 81' lang='lat' dir='ltr'>abscessit</span> <span class='ocrx_word' id='word_1_382' title='bbox 1450 2314 1499 2348; x_wconf 89' lang='lat' dir='ltr'>D.</span> <span class='ocrx_word' id='word_1_383' title='bbox 1539 2332 1584 2338; x_wconf 92' lang='lat'>—-</span> 
     </span>
     <span class='ocr_line' id='line_1_33' title="bbox 26 2370 1583 2410; baseline 0.001 -5"><span class='ocrx_word' id='word_1_384' title='bbox 26 2379 44 2403; x_wconf 75' lang='lat'>&lt;1</span> <span class='ocrx_word' id='word_1_385' title='bbox 69 2370 292 2406; x_wconf 84' lang='lat' dir='ltr'>abscedentis</span> <span class='ocrx_word' id='word_1_386' title='bbox 317 2372 367 2406; x_wconf 90' lang='lat' dir='ltr'>D.</span> <span class='ocrx_word' id='word_1_387' title='bbox 391 2372 458 2410; x_wconf 82' lang='lat' dir='ltr'>Br.</span> <span class='ocrx_word' id='word_1_388' title='bbox 487 2393 529 2398; x_wconf 92' lang='lat'>—</span> <span class='ocrx_word' id='word_1_389' title='bbox 554 2381 568 2399; x_wconf 80' lang='lat'>1</span> <span class='ocrx_word' id='word_1_390' title='bbox 593 2384 622 2408; x_wconf 90' lang='lat' dir='ltr'>e.</span> <span class='ocrx_word' id='word_1_391' title='bbox 649 2374 671 2408; x_wconf 91' lang='lat' dir='ltr'>i.</span> <span class='ocrx_word' id='word_1_392' title='bbox 699 2384 727 2409; x_wconf 91' lang='lat' dir='ltr'>c.</span> <span class='ocrx_word' id='word_1_393' title='bbox 752 2374 801 2409; x_wconf 91' lang='lat' dir='ltr'>D.</span> <span class='ocrx_word' id='word_1_394' title='bbox 828 2375 892 2409; x_wconf 85' lang='lat' dir='ltr'>Br.</span> <span class='ocrx_word' id='word_1_395' title='bbox 921 2394 965 2399; x_wconf 84' lang='lat'>-—</span> <span class='ocrx_word' id='word_1_396' title='bbox 991 2383 1004 2400; x_wconf 77' lang='lat' dir='ltr'>S</span> <span class='ocrx_word' id='word_1_397' title='bbox 1031 2386 1058 2410; x_wconf 79' lang='lat' dir='ltr'>s,</span> <span class='ocrx_word' id='word_1_398' title='bbox 1084 2374 1117 2410; x_wconf 89' lang='lat' dir='ltr'>h.</span> <span class='ocrx_word' id='word_1_399' title='bbox 1144 2375 1210 2409; x_wconf 61' lang='grc' dir='ltr'>ΒΥ.</span> <span class='ocrx_word' id='word_1_400' title='bbox 1238 2394 1282 2399; x_wconf 85' lang='grc'>-</span> <span class='ocrx_word' id='word_1_401' title='bbox 1318 2375 1331 2399; x_wconf 79' lang='lat' dir='ltr'>t</span> <span class='ocrx_word' id='word_1_402' title='bbox 1358 2376 1390 2408; x_wconf 84' lang='lat'>7.</span> <span class='ocrx_word' id='word_1_403' title='bbox 1422 2373 1511 2408; x_wconf 75' lang='lat' dir='ltr'>Bild</span> <span class='ocrx_word' id='word_1_404' title='bbox 1535 2372 1583 2406; x_wconf 90' lang='lat' dir='ltr'>A.</span> 
     </span>
     <span class='ocr_line' id='line_1_34' title="bbox 27 2430 1581 2477; baseline 0 -12"><span class='ocrx_word' id='word_1_405' title='bbox 27 2450 70 2455; x_wconf 96' lang='lat'>—</span> <span class='ocrx_word' id='word_1_406' title='bbox 96 2438 114 2456; x_wconf 81' lang='lat'>¹¹</span> <span class='ocrx_word' id='word_1_407' title='bbox 140 2441 169 2466; x_wconf 89' lang='lat'>0.</span> <span class='ocrx_word' id='word_1_408' title='bbox 197 2430 381 2465; x_wconf 86' lang='lat' dir='ltr'>insulanos</span> <span class='ocrx_word' id='word_1_409' title='bbox 407 2431 455 2466; x_wconf 94' lang='lat' dir='ltr'>D.</span> <span class='ocrx_word' id='word_1_410' title='bbox 482 2432 547 2466; x_wconf 81' lang='lat' dir='ltr'>Br.</span> <span class='ocrx_word' id='word_1_411' title='bbox 577 2451 619 2457; x_wconf 88' lang='lat'><strong>—</strong></span> <span class='ocrx_word' id='word_1_412' title='bbox 645 2440 663 2459; x_wconf 79' lang='lat' dir='ltr'>v</span> <span class='ocrx_word' id='word_1_413' title='bbox 699 2443 732 2467; x_wconf 90' lang='lat' dir='ltr'>u.</span> <span class='ocrx_word' id='word_1_414' title='bbox 771 2433 847 2468; x_wconf 89' lang='lat' dir='ltr'>illic</span> <span class='ocrx_word' id='word_1_415' title='bbox 872 2433 921 2469; x_wconf 91' lang='lat' dir='ltr'>D.</span> <span class='ocrx_word' id='word_1_416' title='bbox 946 2434 1012 2469; x_wconf 44' lang='lat' dir='ltr'>Bsr.</span> <span class='ocrx_word' id='word_1_417' title='bbox 1048 2453 1090 2458; x_wconf 91' lang='lat'>—</span> <span class='ocrx_word' id='word_1_418' title='bbox 1128 2441 1153 2459; x_wconf 79' lang='lat' dir='ltr'><strong>W</strong></span> <span class='ocrx_word' id='word_1_419' title='bbox 1177 2434 1205 2477; x_wconf 79' lang='lat' dir='ltr'>f.</span> <span class='ocrx_word' id='word_1_420' title='bbox 1241 2434 1290 2468; x_wconf 93' lang='lat' dir='ltr'>D.</span> <span class='ocrx_word' id='word_1_421' title='bbox 1330 2433 1394 2468; x_wconf 87' lang='lat' dir='ltr'>Br.</span> <span class='ocrx_word' id='word_1_422' title='bbox 1424 2452 1467 2457; x_wconf 88' lang='lat'>—-</span> <span class='ocrx_word' id='word_1_423' title='bbox 1493 2440 1510 2457; x_wconf 76' lang='lat'>1</span> <span class='ocrx_word' id='word_1_424' title='bbox 1535 2442 1581 2465; x_wconf 89' lang='lat' dir='ltr'>m.</span> 
     </span>
     <span class='ocr_line' id='line_1_35' title="bbox 22 2489 1298 2536; baseline 0.002 -12"><span class='ocrx_word' id='word_1_425' title='bbox 22 2491 64 2524; x_wconf 80' lang='lat' dir='ltr'>et</span> <span class='ocrx_word' id='word_1_426' title='bbox 81 2489 179 2524; x_wconf 88' lang='lat' dir='ltr'>illius</span> <span class='ocrx_word' id='word_1_427' title='bbox 203 2490 230 2534; x_wconf 81' lang='lat' dir='ltr'>f.</span> <span class='ocrx_word' id='word_1_428' title='bbox 258 2490 323 2525; x_wconf 83' lang='lat' dir='ltr'>Br.</span> <span class='ocrx_word' id='word_1_429' title='bbox 352 2510 395 2516; x_wconf 89' lang='lat'>—-</span> <span class='ocrx_word' id='word_1_430' title='bbox 421 2499 438 2524; x_wconf 75' lang='lat' dir='ltr'><strong>y</strong></span> <span class='ocrx_word' id='word_1_431' title='bbox 462 2490 519 2525; x_wconf 89' lang='lat' dir='ltr'>illi</span> <span class='ocrx_word' id='word_1_432' title='bbox 538 2501 597 2526; x_wconf 84' lang='lat' dir='ltr'>rex</span> <span class='ocrx_word' id='word_1_433' title='bbox 623 2492 688 2527; x_wconf 80' lang='lat' dir='ltr'>Br.</span> <span class='ocrx_word' id='word_1_434' title='bbox 716 2511 759 2517; x_wconf 84' lang='lat'><em>-</em></span> <span class='ocrx_word' id='word_1_435' title='bbox 785 2500 799 2518; x_wconf 87' lang='lat' dir='ltr'>z</span> <span class='ocrx_word' id='word_1_436' title='bbox 824 2491 971 2527; x_wconf 85' lang='lat' dir='ltr'>Carolus</span> <span class='ocrx_word' id='word_1_437' title='bbox 995 2492 1044 2527; x_wconf 94' lang='lat' dir='ltr'>D.</span> <span class='ocrx_word' id='word_1_438' title='bbox 1072 2511 1116 2518; x_wconf 87' lang='lat'>—-·</span> <span class='ocrx_word' id='word_1_439' title='bbox 1141 2500 1158 2518; x_wconf 83' lang='lat' dir='ltr'>a</span> <span class='ocrx_word' id='word_1_440' title='bbox 1182 2493 1209 2536; x_wconf 80' lang='lat' dir='ltr'>f.</span> <span class='ocrx_word' id='word_1_441' title='bbox 1234 2493 1298 2529; x_wconf 67' lang='grc' dir='ltr'>ΒΓ.</span> 
     </span>
    </p>
   </div>
   <div class='ocr_carea' id='block_1_15' title="bbox 30 2573 312 2581">
    <p class='ocr_par' dir='ltr' id='par_1_15' title="bbox 30 2573 312 2581">
     <span class='ocr_line' id='line_1_36' title="bbox 30 2573 312 2581; baseline 0 0"><span class='ocrx_word' id='word_1_442' title='bbox 30 2573 312 2581; x_wconf 95' lang='lat' dir='ltr'> </span> 
     </span>
    </p>
   </div>
   <div class='ocr_carea' id='block_1_16' title="bbox 166 2631 607 2970">
    <p class='ocr_par' dir='ltr' id='par_1_16' title="bbox 168 2631 508 2677">
     <span class='ocr_line' id='line_1_37' title="bbox 168 2631 508 2677; baseline 0.003 -11"><span class='ocrx_word' id='word_1_443' title='bbox 168 2632 203 2677; x_wconf 92' lang='grc'>1)</span> <span class='ocrx_word' id='word_1_444' title='bbox 229 2631 316 2667; x_wconf 86' lang='lat' dir='ltr'>Vita</span> <span class='ocrx_word' id='word_1_445' title='bbox 341 2631 370 2667; x_wconf 94' lang='grc' dir='ltr'>Ι.</span> <span class='ocrx_word' id='word_1_446' title='bbox 397 2642 425 2667; x_wconf 91' lang='lat' dir='ltr'>c.</span> <span class='ocrx_word' id='word_1_447' title='bbox 451 2633 508 2667; x_wconf 84' lang='lat'>23.</span> 
     </span>
    </p>

    <p class='ocr_par' dir='ltr' id='par_1_17' title="bbox 167 2690 433 2734">
     <span class='ocr_line' id='line_1_38' title="bbox 167 2690 433 2734; baseline 0.004 -9"><span class='ocrx_word' id='word_1_448' title='bbox 167 2690 205 2734; x_wconf 77' lang='lat'>2)</span> <span class='ocrx_word' id='word_1_449' title='bbox 230 2690 313 2726; x_wconf 92' lang='lat' dir='ltr'>Luc.</span> <span class='ocrx_word' id='word_1_450' title='bbox 341 2691 433 2734; x_wconf 81' lang='lat'><strong>1,17.</strong></span> 
     </span>
    </p>

    <p class='ocr_par' dir='ltr' id='par_1_18' title="bbox 166 2749 607 2853">
     <span class='ocr_line' id='line_1_39' title="bbox 166 2749 607 2794; baseline 0.002 -11"><span class='ocrx_word' id='word_1_451' title='bbox 166 2749 203 2794; x_wconf 88' lang='grc'>3)</span> <span class='ocrx_word' id='word_1_452' title='bbox 229 2749 311 2793; x_wconf 88' lang='lat' dir='ltr'>Vgl.</span> <span class='ocrx_word' id='word_1_453' title='bbox 340 2749 417 2784; x_wconf 82' lang='lat' dir='ltr'>vita</span> <span class='ocrx_word' id='word_1_454' title='bbox 441 2749 471 2785; x_wconf 93' lang='lat' dir='ltr'>I.</span> <span class='ocrx_word' id='word_1_455' title='bbox 497 2759 525 2785; x_wconf 90' lang='lat' dir='ltr'>c.</span> <span class='ocrx_word' id='word_1_456' title='bbox 550 2749 607 2786; x_wconf 81' lang='lat'>24.</span> 
     </span>
     <span class='ocr_line' id='line_1_40' title="bbox 167 2807 372 2853; baseline 0.005 -11"><span class='ocrx_word' id='word_1_457' title='bbox 167 2807 204 2853; x_wconf 86' lang='lat'>4)</span> <span class='ocrx_word' id='word_1_458' title='bbox 229 2808 288 2843; x_wconf 87' lang='lat' dir='ltr'>Ps.</span> <span class='ocrx_word' id='word_1_459' title='bbox 315 2809 372 2843; x_wconf 81' lang='lat'>67.</span> 
     </span>
    </p>

    <p class='ocr_par' dir='ltr' id='par_1_19' title="bbox 168 2865 510 2912">
     <span class='ocr_line' id='line_1_41' title="bbox 168 2865 510 2912; baseline 0.009 -11"><span class='ocrx_word' id='word_1_460' title='bbox 168 2865 204 2912; x_wconf 82' lang='lat'>5)</span> <span class='ocrx_word' id='word_1_461' title='bbox 229 2867 317 2902; x_wconf 85' lang='lat' dir='ltr'>Vita</span> <span class='ocrx_word' id='word_1_462' title='bbox 342 2867 371 2902; x_wconf 92' lang='lat' dir='ltr'>I.</span> <span class='ocrx_word' id='word_1_463' title='bbox 398 2878 427 2904; x_wconf 93' lang='lat' dir='ltr'>c.</span> <span class='ocrx_word' id='word_1_464' title='bbox 452 2868 510 2904; x_wconf 82' lang='lat'>22.</span> 
     </span>
    </p>

    <p class='ocr_par' dir='ltr' id='par_1_20' title="bbox 168 2925 511 2970">
     <span class='ocr_line' id='line_1_42' title="bbox 168 2925 511 2970; baseline 0.012 -11"><span class='ocrx_word' id='word_1_465' title='bbox 168 2925 204 2970; x_wconf 89' lang='grc'>6)</span> <span class='ocrx_word' id='word_1_466' title='bbox 230 2925 318 2961; x_wconf 77' lang='lat' dir='ltr'>Vita</span> <span class='ocrx_word' id='word_1_467' title='bbox 342 2926 372 2962; x_wconf 91' lang='grc' dir='ltr'>Ι.</span> <span class='ocrx_word' id='word_1_468' title='bbox 399 2937 428 2962; x_wconf 92' lang='lat' dir='ltr'>c.</span> <span class='ocrx_word' id='word_1_469' title='bbox 453 2928 511 2963; x_wconf 87' lang='lat'>30.</span> 
     </span>
    </p>
   </div>
  </div>
 </body>
</html>
