1864 3213
437 125 534 167 Vita
567 124 741 167 secunda
773 137 804 166 3.
837 123 1034 179 Liudgeri
1066 124 1137 165 111).
1179 123 1210 165 Ι.
1543 123 1600 165 55

51 243 188 284 mento
201 272 205 276 ·
218 242 452 285 Bonifacius
472 244 500 286 ¹.
563 253 631 287 Hic
676 264 781 287 avum
817 252 998 287 benedicti
1042 252 1147 287 huius
1186 251 1327 286 nomine
1364 250 1584 296 Wrisingum
1596 259 1613 277 ὃ

51 313 203 347 amicum
228 314 265 347 et
290 311 576 347 familiarem
604 311 707 346 valde
733 311 944 353 habuerunt,
964 323 984 346 a
1003 322 1070 357 quo
1097 314 1134 346 et
1160 311 1310 345 filiisb
1336 311 1410 346 eius
1427 319 1492 345 ace
1517 321 1612 355 pro-

50 382 73 416 p
85 372 128 406 in
141 372 271 416 quis.d
288 372 382 407 inter
400 372 722 416 paganos'populos
740 372 932 416 plurimum
949 373 985 406 in
1007 371 1126 406 labore
1145 370 1326 414 euangelii
1362 369 1578 404 iuvabantur
1586 369 1610 404 ².

50 430 87 465 Is
113 430 289 476 deniquee
326 431 463 476 pridem
489 442 509 465 a
534 442 617 475 rege
643 431 802 475 maligno
829 431 1022 466 Fresonum
1058 430 1226 465 Radbodo
1252 430 1296 464 ob
1322 430 1508 464 iusticiae
1546 428 1613 463 de-

51 488 289 531 fensionem,
317 490 411 535 quaf
431 490 517 524 licet
552 501 714 535 paganus
740 490 906 535 inpavide
939 490 1151 535 oppressis
1177 489 1421 535 subveniebat,
1448 500 1468 523 a
1493 488 1613 533 patria

51 547 265 593 effugatus
292 551 329 584 et
354 550 392 583 in
418 549 639 584 Franciam
665 550 787 594 pulsus
813 552 867 584 est
878 550 903 585 ³.
942 549 1000 584 Ibi
1026 549 1236 593 religionem
1262 548 1495 582 christianam
1538 546 1613 582 edi-

51 618 150 642 scens
160 609 186 649 4,
212 610 351 642 mortuo
385 608 494 652 impio
520 619 614 652 rege.
641 619 661 642 a
679 609 833 652 glorioso
851 608 1065 642 Francorum
1090 607 1248 652 principe
1273 607 1317 642 ad
1342 610 1486 652 gentem
1513 618 1612 642 suam

51 678 164 713 denuo
190 680 357 714 remissus
383 681 438 714 est
464 682 500 714 et
525 691 608 714 suae
633 680 804 724 patriae
829 680 864 714 si
875 679 954 713 dem
989 678 1126 714 Christi
1158 679 1286 713 intulit
1298 679 1323 720 ⁵,
1356 669 1396 709 ΘΕ
1442 669 1493 709 ab
1526 667 1612 709 GiUS

51 740 228 821 primum
263 740 423 781 familia
454 739 796 781 christianitatem
829 740 1019 793 percepit.

195 811 227 844 2.
254 809 370 844 Huius
403 809 546 844 filius
585 811 739 846 iunior
777 809 944 844 vocabulo
959 818 976 843 g
1014 809 1242 854 Thiadgr'
1233 821 1351 844 1111113
1388 810 1504 849 sancti
1543 809 1611 843 viri

50 870 154 912 pater
179 872 280 910 erat,
293 871 409 904 mater
434 869 683 913 Liafburga
708 868 931 904 dicebatur.
906 869 919 888 ⁶
974 869 1017 903 In
1034 869 1098 903 hac
1115 869 1247 904 femina
1266 871 1487 914 omnipotens
1505 869 1612 910 Deus,

52 927 113 972 qui
139 930 243 962 vocat
269 939 357 973 quae
366 929 384 954 h
410 940 479 962 non
497 931 591 969 sunt,
618 931 801 974 tamquam
819 932 860 962 ea
885 939 973 973 quae
992 929 1076 962 sunt
1086 929 1109 969 ⁷,
1135 928 1286 971 meritis,
1311 931 1352 962 ut
1378 939 1394 962 0
1405 940 1422 962 1
1431 940 1448 963 0
1457 928 1542 963 dim
1551 940 1574 962 u
1584 940 1612 969 3,

52 987 223 1021 nascituri
249 998 266 1021 e
278 998 298 1021 x
324 998 341 1022 e
352 998 371 1021 a
382 988 391 1013 i
416 988 517 1032 pueri
548 988 756 1022 miraculum
771 988 789 1013 k
813 987 1073 1022 misericordiae
1112 998 1194 1022 suae
1221 987 1404 1022 ostendere
1441 987 1612 1032 dignatus

52 1048 116 1081 est.
144 1046 354 1081 Habebat
380 1040 474 1082 0111111
501 1059 541 1082 ex
566 1050 730 1092 paterno
756 1057 885 1091 genere
923 1047 1072 1081 aviam
1110 1047 1351 1090 gentilem,
1391 1058 1499 1092 quae
1534 1058 1612 1082 cum

52 1105 187 1140 doleret
212 1106 285 1140 filio
311 1109 356 1140 ta
367 1117 388 1140 n
401 1109 417 1141 t
427 1118 449 1140 u
463 1118 495 1140 m
524 1106 636 1141 filia
647 1119 663 1141 3
689 1107 796 1148 nasci,
835 1108 985 1154 matrem
1022 1105 1202 1140 benedicti
1239 1106 1344 1140 huius
1382 1106 1515 1146 eadem,
1543 1117 1613 1151 qua

52 1166 139 1199 nata
164 1164 293 1206 fuerat,
318 1165 404 1200 hora
429 1166 532 1211 aquis
558 1178 581 1200 n
593 1177 610 1200 e
619 1177 635 1200 0
647 1177 667 1200 a
677 1167 708 1200 ri
742 1166 932 1210 praecepit.
975 1164 1076 1199 Unde
1112 1175 1191 1199 cum
1228 1165 1327 1198 iuxta
1362 1164 1501 1200 crudele
1536 1167 1613 1202 eius

52 1223 260 1258 mandatum
274 1225 383 1259 situl
394 1235 413 1259 a
423 1236 440 1259 e
461 1236 481 1259 a
490 1237 541 1270 qu
550 1236 570 1260 a
591 1226 659 1270 ple
668 1237 688 1259 n
698 1237 717 1259 a
728 1236 745 1259 e
760 1236 780 1259 a
794 1225 980 1269 mancipio,
995 1225 1051 1258 cui
1065 1224 1128 1258 hoc
1138 1226 1215 1258 erat
1228 1224 1440 1266 iniunctum,
1456 1226 1502 1260 in
1511 1237 1571 1260 me
1580 1238 1612 1261 r-

53 1286 236 1327 geretur,
255 1284 319 1318 illa
349 1283 595 1319 brachiolis
621 1287 716 1319 exte
731 1285 824 1319 nsis
852 1286 1045 1329 utraque
1071 1294 1196 1318 manu
1223 1284 1468 1328 marginem
1495 1287 1612 1321 situ-

53 1343 122 1377 lae
148 1353 231 1387 app
243 1355 258 1376 r
270 1355 287 1377 e
300 1343 323 1377 h
337 1354 355 1378 e
369 1355 391 1378 n
403 1343 483 1384 dit,
522 1346 559 1378 et
597 1346 684 1378 nata
711 1344 774 1378 sub
802 1343 922 1378 eadem
948 1343 1033 1378 hora
1059 1344 1206 1387 pusiola,
1234 1355 1284 1378 ne
1311 1355 1398 1378 mer
1411 1355 1434 1388 g
1446 1346 1572 1379 eretu
1584 1356 1611 1387 r,

54 1403 148 1447 cepit
180 1404 287 1443 nisu,
327 1414 394 1448 quo
433 1405 574 1448 poterat
584 1404 605 1445 1,
632 1404 809 1448 mancipio
848 1403 1028 1438 reluctari.
1072 1403 1090 1437 I
1100 1414 1122 1437 n
1148 1403 1171 1437 h
1182 1413 1201 1436 a
1212 1413 1229 1437 0
1255 1414 1272 1437 0
1281 1413 1356 1447 rgo
1383 1414 1399 1438 0
1411 1403 1511 1438 01111
1522 1415 1539 1438 0
1549 1406 1566 1438 t
1576 1415 1612 1438 a·

52 1463 186 1497 tione
205 1473 343 1506 prorsus
361 1463 474 1497 mira
490 1463 579 1497 bili
598 1473 638 1497 ex
664 1462 983 1507 dispositione
1009 1461 1332 1497 misericordis
1349 1463 1437 1497 Dei
1456 1464 1613 1498 vicina

53 1522 194 1556 mulie
208 1534 224 1556 r
250 1523 537 1567 supervenit:
576 1524 621 1557 et
658 1523 767 1557 mise
780 1533 923 1556 rescens
948 1521 1132 1566 parvulam
1171 1521 1222 1556 de
1247 1533 1380 1556 manu
1416 1523 1613 1558 mersorism

54 1582 149 1626 erip
160 1582 231 1616 uit
256 1583 293 1616 et
319 1581 341 1616 d
356 1593 373 1616 0
384 1593 418 1616 m
430 1593 495 1616 um
520 1582 710 1626 aufugiens
750 1590 898 1626 parumn
936 1581 1023 1616 fecit
1060 1583 1206 1625 gustare
1231 1581 1359 1622 mellis,
1396 1593 1479 1616 nam
1506 1583 1614 1617 semel

53 1643 244 1685 gustantes
269 1640 406 1686 aliquid
448 1641 608 1676 infantes
646 1641 738 1686 apud
776 1652 933 1686 paganos
971 1652 992 1674 n
1005 1651 1021 1675 e
1034 1651 1051 1674 0
1062 1652 1081 1675 a
1092 1652 1108 1675 r
1119 1651 1136 1675 e
1148 1649 1163 1667 0
1201 1641 1359 1675 illicit
1370 1653 1391 1676 u
1401 1652 1436 1675 m
1474 1653 1491 1676 e
1504 1654 1521 1676 r
1533 1644 1578 1676 at
1588 1644 1613 1677 ³.

53 1700 218 1756 Insecuti
237 1702 317 1745 post
342 1712 430 1742 eam,
458 1700 584 1746 quibus
611 1701 792 1735 infantula
810 1701 994 1735 commissa
1011 1700 1046 1735 fu
1052 1703 1129 1735 erat
1137 1709 1154 1733 p
1179 1700 1395 1745 perimenda,
1421 1712 1498 1735 cum
1517 1701 1614 1736 vide-

54 1761 135 1794 rent
160 1770 196 1794 se
221 1759 265 1794 ab
290 1760 402 1805 impio
427 1759 522 1795 facto
533 1769 549 1792 (1
574 1759 786 1805 prohibitos,
812 1771 873 1794 nec
899 1762 1030 1801 tamen,
1057 1762 1098 1794 ut
1123 1771 1178 1795 res
1203 1760 1371 1804 contigit,
1398 1760 1443 1795 fu
1454 1760 1526 1795 rib
1537 1772 1560 1795 u
1572 1772 1613 1795 n-

55 1818 134 1853 dae
162 1818 210 1853 do
224 1819 376 1854 minae
403 1818 558 1854 indicare
585 1819 757 1854 auderent
770 1827 792 1861 r,
819 1830 891 1854 000
904 1820 1007 1854 ulte
1045 1819 1103 1853 illi
1137 1819 1316 1854 mulieri
1354 1830 1428 1854 eam
1468 1820 1616 1854 nutri-

55 1878 181 1913 endam
208 1880 320 1923 pe1mi
332 1891 347 1913 3
357 1889 375 1912 0
387 1889 463 1913 ran
475 1881 492 1913 t
502 1887 526 1920 S,
553 1879 671 1924 sieque
690 1881 829 1914 mortua
848 1879 911 1914 illa
935 1878 1127 1914 maledicta
1153 1890 1186 1912 m
1198 1890 1218 1913 a
1232 1879 1281 1913 tri
1312 1880 1483 1914 restituta
1501 1880 1578 1914 estt
1588 1879 1613 1914 ⁹.

197 2004 214 2022 a
237 1996 438 2040 Vusingum
463 1997 502 2031 D
512 2009 524 2040 ‚-
549 1996 785 2040 Vurisingum
810 1996 877 2032 Br.
917 2015 960 2022 -
998 1996 1015 2022 b
1053 1996 1119 2031 filii
1152 1996 1201 2031 D.
1229 2016 1273 2021 -—-
1299 2003 1314 2022 0
1340 1998 1377 2030 et
1401 1996 1449 2031 D.
1476 1996 1541 2030 Br.
1568 2015 1613 2021 --

56 2055 74 2082 d
98 2056 286 2101 propinqui
311 2056 360 2091 D.
388 2076 430 2080 —
471 2063 486 2081 e
510 2055 549 2090 D
586 2056 734 2099 begimzt
768 2056 827 2090 ein
861 2066 969 2091 ‘neues
996 2055 1161 2101 Capitel5
1198 2055 1296 2090 Idem
1336 2066 1441 2100 quam
1478 2056 1542 2089 Br.
1570 2075 1613 2080 —

56 2115 70 2141 f
92 2116 152 2161 qui
177 2115 226 2150 D.
253 2135 296 2139 —
323 2123 341 2149 g
364 2115 390 2159 f.
417 2116 482 2150 Br.
509 2135 553 2140 —
578 2115 596 2140 11
622 2125 663 2149 ea
689 2125 778 2160 quae
815 2115 866 2150 H.
905 2135 948 2140 -
987 2115 997 2141 i
1030 2126 1071 2149 ex
1104 2125 1144 2149 ea
1179 2127 1213 2150 n.
1239 2115 1305 2149 Br.
1333 2133 1376 2138 —
1402 2114 1420 2140 ¹1
1444 2114 1614 2148 miracula.

55 2174 108 2209 D.
134 2175 198 2209 Br.
228 2194 270 2198 —
296 2174 306 2200 ¹
332 2186 366 2209 n.
393 2185 460 2220 quo
486 2185 519 2219 p.
545 2175 572 2218 f.
600 2174 665 2209 Br.
705 2193 748 2198 —
785 2181 811 2199 1¹1
850 2173 1047 2217 mergentis
1083 2174 1132 2208 D.
1171 2174 1236 2208 Rr.
1264 2193 1307 2198 —
1332 2181 1349 2198 11
1375 2184 1522 2217 parvum
1548 2173 1613 2209 ΒΥ.

58 2252 102 2258 —-
129 2241 143 2259 0
169 2234 286 2268 necari
311 2234 359 2268 D.
385 2234 451 2268 Br.
479 2253 522 2258 —
548 2241 565 2266 P
591 2235 669 2268 erat
701 2233 749 2271 A,
789 2251 831 2257 ——
871 2241 887 2265 (1
924 2232 949 2267 f.
987 2232 1010 2266 i.
1049 2232 1098 2267 D.
1124 2233 1188 2267 ΒΥ.
1229 2252 1272 2257 -—
1308 2240 1322 2258 r
1358 2232 1510 2266 furiosae
1547 2232 1612 2267 Br.

59 2313 103 2318 ——-
128 2301 142 2319 S
166 2293 404 2338 permiserunt
428 2293 476 2327 D.
504 2293 569 2327 Br.
597 2312 641 2317 —
665 2293 678 2318 t
701 2293 743 2328 in
768 2293 803 2326 A
828 2293 918 2338 folyt
942 2293 1019 2327 1ιίον
1044 2292 1111 2327 das
1135 2292 1254 2327 aweite
1279 2291 1378 2326 Bild.

203 2424 237 2469 1)
264 2423 345 2468 Vgl.
374 2423 548 2469 Liudgers
574 2425 652 2460 vita
678 2424 841 2469 Gregorii
867 2435 895 2461 0.
923 2425 967 2460 14
993 2424 1031 2469 (S.
1059 2424 1094 2460 S.
1124 2425 1166 2459 16
1193 2423 1234 2458 A.
1262 2423 1308 2468 1).

199 2484 236 2529 2)
261 2483 348 2518 Vita
373 2483 402 2518 Ι.
428 2494 456 2518 0.
481 2483 513 2518 4.

199 2543 235 2588 3)
261 2542 349 2577 Vita
374 2542 402 2577 Ι.
430 2553 457 2577 0.
487 2545 518 2578 1.

199 2603 236 2647 4)
262 2602 349 2636 Vita
374 2602 403 2636 I.
430 2613 458 2637 c.
483 2603 516 2637 2.

201 2662 236 2707 5)
262 2660 349 2696 Vita
374 2661 403 2695 I.
430 2671 457 2695 0.
483 2661 517 2695 4.

201 2720 236 2765 6)
262 2719 349 2754 Vita
374 2719 403 2754 I.
430 2730 457 2754 c.
486 2720 518 2754 5.

202 2779 236 2824 7)
260 2779 360 2813 Rom.
386 2779 419 2820 4,
446 2779 501 2814 17.

201 2839 237 2884 8)
263 2838 346 2883 Vgl.
371 2838 405 2873 S.
432 2839 453 2873 9
471 2837 513 2873 Α.
541 2838 575 2872 2.

201 2898 236 2943 9)
261 2897 350 2933 Vita
375 2897 403 2933 Ι.
430 2908 457 2932 0.
485 2898 518 2933 6.
546 2897 577 2932 7.
