1864 3213
425 162 527 208 Vita
559 162 634 207 III.
678 178 710 209 s.
743 162 969 220 Liudgerus
1001 159 1073 208 lib.
1106 161 1160 207 ΙΙ.
1487 164 1568 207 109

14 293 117 331 ditu
129 307 144 330 s
157 296 180 337 ¹,
207 294 299 340 quod
355 284 397 326 in
444 284 646 338 plerisque
692 283 910 338 opusculis,
958 295 1060 339 quae
1107 282 1192 336 ipse
1240 282 1360 335 fecit,
1431 293 1567 339 liquido

12 368 170 411 apparet.
219 366 312 400 Nam
338 376 379 400 ea
405 377 494 411 quae
520 355 562 396 in
594 355 776 409 passione
792 356 807 380 ²
828 366 986 400 sancti
1003 365 1172 410 martyris
1191 364 1450 399 Bonifatiia
1468 364 1510 399 de
1529 376 1567 399 co

12 426 307 471 pretermissa
324 427 473 460 noverat
485 425 510 467 ³,
537 424 779 470 primordia
798 424 935 459 scilicet
954 425 1050 459 vitae
1069 425 1155 466 eius,
1174 423 1412 458 adventum
1431 426 1568 470 atque

12 495 382 537 ordinationem,
409 506 430 541 p
446 495 579 530 ulcro
607 507 650 530 se
666 506 826 530 rmone
852 495 1163 540 conscripsit.
1215 483 1448 538 Composuit
1500 485 1567 526 eth

12 557 222 599 libellum4
259 566 310 602 de
347 567 459 602 vita
501 578 641 602 suorum
656 576 670 593 0
712 566 888 613 quondam
931 566 1174 602 doctorum
1217 565 1417 601 venerab
1432 566 1567 601 ilium

11 639 169 685 adaeque
180 639 196 665 d
210 637 431 674 sacerdotum
447 638 477 674 G
489 651 504 674 r
515 650 532 674 e
543 649 567 683 g
578 650 596 673 o
607 651 624 674 r
638 639 649 672 i
662 639 673 673 i
687 649 705 673 e
716 642 732 673 t
745 646 759 664 e
774 637 856 673 Alb
870 651 884 673 r
895 639 907 672 i
917 649 933 673 c
944 638 985 679 if,
1018 627 1059 668 ill
1091 639 1168 682 quo
1196 626 1261 670 vel
1294 626 1449 681 ingenii
1482 627 1567 670 eiUS

12 712 180 742 acumen
197 699 262 742 vel
279 699 427 753 eloquii
440 699 629 753 splendor
646 698 790 741 elucet.
815 697 1009 752 Quodque
1021 710 1100 740 non
1122 697 1292 739 minima
1303 697 1569 740 admiratione

12 772 128 826 eget:
161 771 268 812 inter
300 770 435 813 varias
467 769 761 824 occupationes,
795 769 940 824 quibus
963 769 1005 810 in
1037 768 1241 821 dictando,
1284 768 1525 823 predicando
1537 778 1567 822 g,

12 842 161 885 orando
193 841 344 897 iugiter
376 842 592 896 occupatus
623 841 850 892 tenebatur,
878 851 995 886 disci
1009 851 1130 896 pulis
1156 850 1288 886 cotidie
1323 863 1368 886 su
1381 852 1449 887 ish
1477 852 1568 887 divi-

12 934 75 958 nas
101 924 294 969 scripturas
331 923 495 958 semotim
532 925 576 958 tr
590 921 720 958 adere
758 922 941 957 consuevit
982 912 1022 953 et
1068 911 1328 965 profundiora
1369 915 1569 968 quaequei

12 985 69 1027 eis
101 984 328 1038 explanare.
362 993 472 1037 Quic
487 992 593 1039 quid
617 993 655 1028 in
674 993 790 1038 ipsisk
815 993 967 1028 morale1
993 1004 1068 1028 esse
1088 992 1320 1035 videbaturm‚
1348 994 1569 1031 auditoribus

12 1066 86 1100 suis
117 1045 266 1100 sedulo'n
292 1064 592 1105 commendavito,
635 1053 829 1108 quicquid
877 1053 978 1095 alios
1025 1053 1183 1104 docuit,
1230 1055 1315 1108 ipse
1350 1055 1461 1108 prius
1494 1056 1570 1098 im-

12 1126 152 1180 plevit.
214 1127 277 1168 Ita
310 1125 489 1180 duplicip
522 1125 605 1167 suis
639 1125 754 1167 modo
787 1124 1042 1167 consulebat:
1079 1124 1307 1167 durioribus
1341 1127 1381 1167 et
1413 1127 1569 1181 simpli-

13 1197 187 1240 cioribus
220 1198 305 1240 vita
316 1206 346 1248 q,
380 1196 775 1251 intelligibilioribns
788 1204 800 1223 ¹
841 1196 998 1251 lingua.
1060 1196 1157 1238 Illos
1209 1197 1423 1251 exemplis,
1470 1199 1569 1241 istos

13 1269 144 1312 verbis
176 1268 227 1310 ad
259 1269 445 1311 veritatis
477 1269 585 1310 viam
618 1268 819 1309 trahebat.
873 1267 990 1309 Unde
1023 1280 1101 1309 non
1143 1267 1332 1310 inmerito
1363 1269 1447 1311 tale
1480 1283 1569 1324 pre-

12 1340 170 1382 conium
183 1348 195 1366 >¹
227 1340 478 1382 merebatur:
522 1339 646 1381 talem
679 1339 764 1381 eius
803 1351 886 1381 esse
919 1339 1143 1381 doctrinam
1155 1342 1179 1391 ¹,
1213 1339 1373 1394 qualem
1407 1342 1447 1382 et
1459 1349 1477 1368 ¹¹
1509 1342 1568 1384 vi-

12 1412 137 1463 tamv,
167 1411 292 1454 talem
327 1411 455 1454 vitam
488 1411 649 1466 qualem
668 1411 892 1453 doctrinam
905 1419 942 1464 Ψ,
976 1410 1033 1452 ita
1066 1423 1157 1452 eum
1176 1410 1315 1454 docere
1351 1413 1393 1454 ut
1423 1413 1567 1465 facere,

16 1482 75 1524 ita
106 1483 239 1525 facere
271 1483 316 1524 Ui]
348 1482 500 1525 (ῙΟΟΘΓΘ-
535 1492 786 1528 Cucullam
813 1491 931 1528 ideox
968 1504 1038 1527 non
1072 1492 1250 1538 portabat,
1291 1494 1402 1539 quiay
1428 1496 1568 1539 regula-

11 1572 110 1599 remZ
136 1575 329 1609 numquam
341 1572 357 1590 a
393 1575 470 1609 pro
482 1575 516 1598 m
532 1565 642 1599 issio
654 1576 676 1599 n
690 1575 752 1599 em
766 1564 781 1590 b
808 1564 850 1599 fe
865 1575 881 1598 c
893 1565 934 1606 it,
976 1554 1049 1595 SUI)
1092 1555 1280 1597 canonico
1312 1555 1454 1597 habitu
1485 1569 1570 1598 mo-

13 1625 257 1667 nachorumc
290 1625 465 1679 perfecte
497 1625 626 1668 vitani
658 1625 857 1679 implevit.
905 1635 1161 1678 Cilicium,
1197 1636 1311 1681 quod
1338 1640 1435 1673 veste
1473 1638 1570 1673 abs-

13 1695 152 1729 condi
177 1698 329 1740 potemt,
357 1696 410 1730 ita
436 1707 573 1742 usque
612 1695 666 1730 ad
705 1696 846 1730 finem
886 1696 1037 1730 vitaed
1074 1697 1279 1741 portavit,
1322 1699 1365 1732 ut
1400 1697 1465 1733 hoc
1490 1709 1568 1733 eum

13 1777 113 1801 nemo
139 1769 258 1812 preter
282 1767 585 1802 familiarissimos
604 1764 716 1802 suOS‘*
733 1769 875 1812 portare
894 1767 1012 1803 sciret.
1032 1755 1202 1799 Cal'llssm
1219 1757 1381 1811 Spiritui
1395 1759 1409 1784 f
1423 1770 1568 1814 repug-

13 1828 176 1869 nantem
216 1822 383 1882 vigiliis‚
420 1828 580 1870 ieiuniis
614 1829 654 1870 et
685 1828 885 1879 omnibus,
938 1827 1083 1882 quibus
1115 1828 1285 1881 poterat,
1338 1829 1467 1871 modis
1500 1830 1569 1872 do-

164 1964 179 1982 a
196 1956 374 1992 Bonifacii
399 1957 450 1992 F.
470 1956 517 1992 K.
538 1956 583 1998 T;
600 1957 688 1991 Bon.
707 1959 811 1992 mart.
837 1957 874 1992 J.
893 1956 941 1992 K.
962 1977 1004 1981 -
1030 1957 1046 1982 b
1072 1958 1338 2004 composuitque
1362 1959 1421 2003 P,-
1447 1959 1569 1995 Glosse

14 2016 52 2050 in
81 2015 131 2050 T:
158 2017 355 2061 composuit
381 2027 467 2061 eque
486 2015 646 2051 libellum
665 2015 707 2051 de
726 2017 993 2051 canonizacione
1011 2016 1126 2051 sancti
1144 2016 1340 2052 Swicberti.
1361 2039 1405 2043 -
1430 2026 1444 2044 0
1469 2030 1567 2054 sanc—

13 2076 130 2110 torum
156 2076 200 2112 P.
230 2076 268 2110 T.
296 2096 340 2101 —-
367 2075 383 2101 d
409 2087 498 2111 corr.
523 2077 565 2111 in
590 2086 677 2121 eque
702 2076 766 2119 M‚·
791 2076 871 2111 rael.
908 2076 958 2119 J,-
994 2078 1102 2121 atque
1139 2077 1182 2111 P.
1211 2096 1254 2101 —
1292 2084 1307 2103 e
1331 2078 1358 2121 f.
1384 2078 1422 2114 J.
1447 2077 1496 2114 K.
1523 2099 1567 2104 —

13 2133 27 2158 f
48 2133 223 2169 Alberrici
256 2134 301 2169 F.
330 2155 373 2159 —
410 2143 427 2167 g
451 2135 477 2178 f.
507 2135 552 2169 P.
580 2155 622 2159 --
663 2135 680 2160 h
707 2147 732 2170 s.
759 2146 786 2169 c.
816 2135 855 2170 Τ.
883 2155 926 2159 -—
964 2135 972 2161 i
997 2135 1035 2172 J.
1063 2136 1106 2170 K
1126 2147 1153 2171 s,
1179 2137 1222 2171 h.-
1246 2136 1295 2171 in.
1324 2156 1366 2160 —
1401 2137 1418 2162 k
1444 2138 1494 2172 eis
1521 2139 1566 2173 P.

15 2212 58 2218 -
82 2193 93 2219 1
117 2193 305 2228 memorale
329 2194 367 2228 J.
393 2193 441 2229 K.
471 2214 513 2218 —-
539 2202 563 2219 ¹¹¹
590 2193 736 2230 videbat
760 2195 797 2230 J.
826 2215 869 2220 —
895 2202 913 2220 ¹1
939 2194 1009 2229 sed.
1036 2194 1108 2229 suis
1133 2195 1180 2230 K.
1210 2215 1253 2221 —-
1280 2203 1294 2221 0
1321 2196 1567 2233 commendans

13 2265 49 2300 J.
70 2264 117 2299 K.
138 2284 181 2288 —
200 2273 217 2298 Ι)
238 2264 343 2310 duplo
362 2265 411 2300 N.
431 2285 473 2290 —
492 2274 508 2298 (ι
527 2267 562 2300 Ρ
578 2277 605 2300 s.
623 2266 665 2300 h.-
680 2268 726 2301 et.
746 2287 786 2291 —
816 2273 830 2292 r
847 2265 1155 2301 intellibilioribus
1168 2266 1204 2301 J.
1226 2285 1268 2289 —
1287 2275 1300 2292 S
1318 2248 1489 2311 premium
1513 2269 1566 2310 F;

12 2324 184 2368 premium
203 2324 239 2360 G.
259 2325 308 2360 N.
331 2325 368 2359 T.
389 2325 443 2368 P,·
460 2325 628 2360 meritum
647 2325 699 2360 M.
726 2344 757 2349 —-
781 2327 792 2351 t
811 2326 923 2360 vitam
941 2326 978 2360 J.
997 2326 1044 2360 K.
1073 2346 1115 2350 —-
1134 2334 1151 2351 ¹1
1169 2326 1196 2370 f.
1214 2326 1250 2361 J.
1271 2326 1318 2360 K.
1340 2347 1383 2352 —
1401 2335 1417 2353 v
1436 2327 1566 2364 doctri-

13 2393 95 2418 nam
113 2384 149 2418 J.
176 2384 224 2418 K.
245 2405 285 2409 —
314 2392 336 2409 w
363 2387 389 2419 t.
417 2395 448 2419 v.
468 2395 524 2429 qu.
544 2384 576 2419 d.
595 2385 620 2428 f.
639 2384 675 2419 J.
695 2384 742 2419 K.
763 2403 806 2409 —
833 2393 849 2410 x
868 2384 960 2419 idem
980 2385 1032 2419 M.
1053 2405 1097 2410 —
1115 2393 1131 2417 y
1149 2386 1309 2429 portavit
1336 2385 1376 2421 T.
1405 2406 1448 2412 -
1474 2395 1487 2413 Ζ
1514 2398 1566 2423 re-

13 2442 132 2486 gulam
160 2443 204 2477 P.
233 2464 274 2468 —
302 2451 317 2469 a
341 2444 368 2488 f.
395 2444 444 2478 N.
461 2444 500 2479 T.
526 2444 571 2479 P.
592 2464 634 2468 —
654 2443 669 2468 b
696 2443 944 2488 professionem
974 2443 1012 2478 T.
1040 2444 1092 2484 P;
1112 2444 1147 2478 P
1167 2455 1193 2479 s.
1219 2445 1262 2479 h.-
1288 2455 1369 2486 non,
1397 2457 1429 2481 a.
1456 2445 1502 2482 R.
1525 2447 1564 2481 T.

16 2521 59 2527 ——
85 2510 99 2527 ⁰
126 2512 157 2538 V.
182 2513 215 2547 p.
240 2502 278 2538 J.
307 2523 349 2528 —-
383 2503 399 2528 ¹1
425 2503 467 2537 K
488 2514 515 2538 s.
542 2503 581 2538 h.-
607 2514 677 2538 suc.
711 2523 755 2528 —
791 2510 806 2528 θ
833 2502 1043 2538 familiarius
1079 2503 1124 2543 J;
1164 2503 1352 2539 familiaris
1379 2505 1436 2549 K‚·
1461 2505 1565 2541 fami-

14 2560 120 2597 liares
145 2561 194 2596 N.
222 2581 265 2587 —-
292 2562 306 2587 f
327 2563 455 2607 spiritu
482 2562 526 2597 P.

156 2753 192 2797 1)
217 2751 304 2786 Vita
330 2751 358 2786 I.
384 2761 412 2786 c.
438 2751 508 2793 30;
535 2751 611 2786 vita
636 2751 686 2787 II.
712 2762 739 2787 c.
766 2752 823 2787 31.

156 2812 192 2855 2)
218 2810 300 2855 Vgl.
327 2810 405 2846 vita
429 2809 463 2845 b.
490 2809 595 2855 Greg.
623 2821 650 2846 c.
678 2813 708 2845 9.

156 2870 191 2914 3)
218 2869 305 2904 Vita.
328 2868 357 2905 I.
383 2870 407 2905 1.
434 2879 461 2905 c.

156 2929 193 2974 4)
219 2928 302 2972 Vgl.
328 2927 489 2975 dagegen
524 2928 602 2965 vita
626 2928 675 2965 II.
701 2939 730 2967 c.
757 2928 788 2967 7.
