1864 3213
272 166 358 209 144
673 164 770 206 Vita
801 165 950 219 rythm.
989 178 1018 208 3.
1051 165 1247 220 Liudgeri
1287 166 1357 207 let.
1391 166 1423 208 I.

321 284 419 326 275,
481 282 607 317 Puella
633 281 749 325 igitur
775 280 899 315 obnixe
925 281 1165 322 absconditur,

553 340 722 385 quamdiu
747 339 907 384 predicta
934 340 1025 374 vixit
1050 340 1241 376 maledicta
1249 355 1258 384 ;

483 399 551 434 Sed
577 402 613 434 et
639 399 790 433 femineo
817 401 935 433 actum
961 401 1016 434 est
1041 400 1199 441 consilio,

552 472 594 505 ut
618 481 695 515 per
732 480 871 504 cornu
909 469 1017 504 lacte
1042 470 1238 505 lactaretur
1263 473 1421 512 Vaccae,

481 531 618 573 Donec
649 529 731 571 iarn
763 529 889 571 libere
924 543 1121 572 mammas
1152 531 1296 573 matris
1328 531 1478 583 bibere,

329 604 427 645 280.
558 601 650 643 avia
683 601 887 651 defuncta,
921 614 1018 642 ausa
1051 602 1124 652 est,
1157 602 1327 655 sepulta.

412 673 443 707 ἵ).
484 671 541 706 Sic
566 671 635 705 Dei
661 671 781 714 gracia
807 671 961 706 liberata
986 671 1133 715 parvula

553 731 666 765 crevit
690 732 727 764 et
752 729 796 764 ad
823 731 937 764 virum
963 732 1109 765 venerat
1136 730 1416 775 Thiedgrimum.

480 789 567 824 Inde
594 791 811 834 conceperat,
839 800 942 833 quem
967 790 1039 823 iani
1074 789 1238 824 Christus
1264 794 1441 833 sanxerat,

551 860 726 905 presulem
750 859 980 903 Liudgerum,
1012 849 1341 891 Werthinensem
1373 851 1531 894 herum.

319 922 418 964 285,
480 920 581 954 Hunc
608 918 740 953 habens
767 921 911 959 utere,
938 919 999 953 sed
1024 921 1192 963 portante
1217 920 1382 961 Domino,

550 977 761 1013 insidiatore
793 977 935 1012 baiulat
964 978 1150 1019 drachone,

481 1037 573 1072 Nam
598 1037 712 1072 hostis
736 1038 919 1082 pessimus,
946 1037 1140 1072 nascendil
1165 1048 1234 1072 non
1261 1039 1410 1077 nescius.

552 1107 740 1140 aggressus
766 1098 821 1130 est
846 1098 944 1130 totus
970 1096 1167 1131 homicidae
1194 1108 1290 1142 opus,

480 1156 593 1190 Novit
617 1156 831 1200 nequissime
856 1155 1081 1200 profuturum
1108 1156 1241 1200 optime

319 1217 417 1259 290·
550 1214 677 1249 multis
702 1216 739 1249 et
764 1214 842 1248 ideo
869 1202 1114 1249 habuit'odio.

479 1274 573 1308 Dum
599 1273 749 1318 quodam
775 1275 932 1318 tempore
957 1274 1028 1308 ista
1053 1273 1246 1308 Liefburch
1270 1275 1413 1309 1101111110
1450 1317 1452 1319 .

551 1333 672 1376 gravis
698 1343 806 1377 usque
832 1336 974 1378 partum
1001 1334 1057 1367 vel
1091 1332 1262 1377 Liudgeri
1289 1336 1404 1367 ortum

484 1391 701 1426 Festine‘2
728 1395 899 1436 surgeret,
926 1395 967 1426 ut
993 1393 1068 1426 viro
1095 1394 1302 1434 occurreret,

552 1452 671 1485 anima
697 1451 871 1495 gaudenti
896 1452 1001 1495 longe
1026 1451 1240 1486 revertenti:

320 1511 418 1554 295,
480 1510 596 1555 Lapsa
622 1510 808 1550 ceciderat,
841 1511 956 1544 hostis
982 1513 1023 1544 ut
1048 1512 1257 1554 impegerat,

551 1573 598 1604 et
622 1581 700 1615 per
725 1571 823 1604 eius
849 1570 976 1604 latus
1014 1569 1182 1603 introivit
1215 1569 1358 1613 palus.

481 1628 639 1663 Infertur
667 1631 858 1670 mortua,
884 1629 1002 1663 ululat
1028 1628 1167 1663 familia

550 1689 692 1732 gemino
717 1688 835 1723 dolore
859 1699 921 1733 pro
946 1690 1071 1728 matre,
1099 1698 1159 1732 pro
1185 1688 1293 1732 prole.

481 1746 549 1782 Sed
574 1748 630 1781 cui
656 1748 774 1781 omnia
798 1750 900 1792 pater
925 1747 1110 1791 possibilia

320 1807 419 1849 300,
552 1806 691 1840 meritis
713 1817 782 1840 non
808 1807 887 1841 nati
916 1807 1104 1840 miseretur
1128 1805 1256 1846 inatri3

481 1864 653 1899 Reddidit
679 1865 856 1910 spiritum,
883 1867 920 1900 et
945 1866 1084 1910 peperit
1109 1865 1223 1899 filium

551 1934 743 1969 sanumque
769 1924 943 1959 infantem
970 1924 1057 1959 bene
1083 1924 1285 1958 venientem
1295 1938 1303 1965 ;

482 1982 530 2017 Et
555 1983 604 2017 sic
629 1983 811 2017 convaluit
837 1986 873 2018 et
898 1984 1054 2018 letanter
1079 1983 1171 2018 aluit

552 2041 642 2076 dono
668 2043 796 2076 summi
821 2043 934 2086 patris
959 2042 1172 2077 salvatorem
1197 2041 1334 2077 matris.

319 2101 418 2143 305,
482 2100 510 2135 O
535 2100 607 2135 tibi
632 2100 747 2145 gloria
772 2101 878 2135 huius
902 2102 1016 2145 patris
1042 2102 1173 2145 gracia,

551 2160 613 2205 qui
638 2161 734 2195 creat
758 2171 898 2195 suorum
924 2160 1027 2195 decus
1044 2160 1258 2194 seculorum!

413 2219 443 2253 6.
482 2219 683 2263 Liudgerus
709 2222 815 2254 natus
841 2221 906 2260 est,
933 2218 1133 2263 Liudgerus
1158 2221 1303 2253 renatus
1329 2220 1384 2253 est

551 2280 589 2312 et
613 2277 812 2322 Liudgerus
837 2279 958 2312 sancto
984 2279 1095 2312 crevit
1120 2278 1349 2319 incremento,

481 2336 550 2379 Qui
575 2336 657 2371 dum
682 2337 754 2371 iam
779 2337 980 2377 ambulat,
1008 2337 1088 2371 dum
1115 2337 1185 2371 iam
1211 2337 1336 2382 loqui
1362 2338 1514 2381 ceperat,

319 2396 417 2438 310,
551 2397 643 2431 sicut
667 2396 770 2430 modo
796 2397 925 2441 quivit,
952 2395 1146 2430 adherebat
1172 2395 1285 2430 libris.

480 2455 574 2489 Dum
600 2454 747 2490 ludunt
771 2456 859 2489 alii
885 2455 983 2489 illius
1009 2455 1157 2495 coevnli,

550 2513 630 2548 ibat
654 2525 789 2558 semper
813 2514 906 2548 solus
932 2513 976 2548 ad
1001 2513 1171 2548 librorum
1197 2524 1294 2558 opus,

410 2597 490 2631 2ῖ8.
515 2597 608 2631 lacte
637 2598 710 2634 und
743 2608 845 2632 uacce
879 2608 968 2632 corr.
1008 2597 1048 2630 T.
1081 2587 1130 2621 ⁴——
1169 2597 1248 2631 281.
1275 2595 1385 2630 libe-re
1421 2605 1511 2630 corr.
1539 2604 1606 2629 aus
1629 2592 1751 2629 bibere
1777 2593 1824 2629 Ἠ

269 2674 314 2680 —
340 2656 420 2691 ⁶286.
446 2667 535 2691 corr.
562 2668 630 2691 aas
654 2656 900 2691 insidiatorem
926 2656 1136 2690 drachonem
1165 2655 1204 2690 T.
1233 2674 1275 2680 ——
1303 2654 1381 2690 294.
1407 2664 1498 2690 corr.
1523 2654 1589 2688 wie
1613 2663 1650 2688 es
1673 2653 1828 2696 scheint,

269 2726 338 2750 aus
363 2726 383 2749 a
407 2715 514 2759 longe
541 2715 581 2749 T.
608 2735 650 2739 -—
686 2717 767 2751 307.
792 2726 856 2751 cor
880 2726 953 2750 ren.
979 2726 1070 2750 corr.
1098 2715 1138 2749 T.
1165 2733 1209 2738 —
1236 2715 1314 2750 308.
1342 2716 1380 2749 et
1403 2724 1473 2750 von
1497 2712 1678 2748 derrsezben
1701 2711 1824 2747 Hand

266 2774 531 2819 nachyetraqen
557 2774 597 2808 T.

413 2903 448 2948 1)
475 2902 551 2939 scil.
577 2902 761 2947 Liudgcri.
787 2922 831 2927 —
858 2903 894 2948 2)
919 2902 1008 2937 Vita
1033 2902 1081 2937 11.
1109 2913 1137 2937 c.
1163 2903 1197 2938 3,
