1864 3213
88 1546 184 1587 714.

221 136 245 176 ὃ
622 134 797 177 Altfridi
829 135 915 177 vita
947 147 978 177 3.
1013 135 1208 191 Liudgcri
1240 135 1376 193 lib41.

218 253 285 295 tae
317 253 423 295 sunt.
487 253 609 294 Pater
640 254 770 306 igitur
801 253 905 295 filios
938 253 1036 295 (11103
1077 266 1170 296 cum
1210 254 1374 296 filiabus
1406 254 1551 305 tribus,
1585 266 1686 308 quae
1717 266 1782 296 re·

217 324 465 374 manserant,
500 336 590 365 cum
622 323 768 365 timore
799 323 967 365 Domini
987 323 1172 366 nutriens
1194 325 1372 367 servavit
1403 325 1635 368 castitatem
1666 337 1782 367 suam

217 394 419 448 reliquum
452 395 613 447 ternpus
646 394 753 435 vitae
786 406 894 435 suae.

361 466 401 506 3.
433 465 537 506 Hisa
568 465 627 506 ita
659 464 787 519 gestis
819 477 887 506 rex
931 465 1152 508 Radbodus
1200 465 1400 508 infirmari
1443 466 1577 520 caepit
1608 465 1782 507 infirmi-

217 537 316 587 tate,
350 548 429 589 qua
460 537 500 577 et
532 536 713 577 mortuus
745 536 820 587 est,
853 537 894 577 et
925 537 1020 578 sexb
1052 536 1170 578 3111113
1193 537 1394 579 continuis
1416 538 1511 579 ante
1534 537 1642 579 diem
1673 550 1781 579 mor-

216 607 272 649 tis
303 620 397 649 suae
429 607 631 660 paulatim
662 606 789 648 traxit
821 607 1011 659 dolorem,
1060 607 1272 661 caepitque
1316 620 1490 662 regnum
1538 608 1650 650 eiusC
1682 607 1778 650 defi-

217 690 318 729 cere,
350 690 521 732 regnum
545 690 700 731 quoque
722 678 968 720 Francorum
990 677 1295 733 augmentando
1325 678 1516 731 proficere
1532 680 1559 722 ¹.
1593 678 1779 721 Infirma-

217 750 283 791 tus
315 750 452 791 autem
484 747 599 790 misit
645 748 699 790 ad
730 748 863 791 virum
913 749 1181 791 memoratum
1228 749 1523 804 Wrssingumd
1554 749 1775 803 postulans,

216 824 262 861 ut
294 820 345 861 ad
379 832 420 861 se
451 819 603 861 rediret
648 820 883 873 recepturus
915 820 1189 861 hereditatem
1220 832 1349 870 suam,
1396 821 1559 874 insuper
1607 821 1648 862 et
1694 820 1776 863 alia

216 891 348 932 multa
379 904 420 933 se
455 891 645 932 daturum
677 891 714 931 ei
747 891 982 944 spopondit,
1016 891 1051 932 si
1082 903 1223 944 pacem
1245 903 1378 933 secum
1403 893 1539 933 tenere
1571 891 1776 944 voluisset,

216 962 286 1004 sed
318 962 380 1004 vir
411 962 634 1004 catholicus
666 962 852 1015 precibus
900 963 986 1004 eius
1031 974 1110 1004 non
1157 962 1405 1015 adquievite.
1452 962 1608 1004 Iterum
1641 963 1776 1005 autem

214 1033 434 1075 Radbodus
465 1032 580 1074 misit
611 1032 663 1073 ad
696 1045 787 1073 011111
820 1033 1041 1086 postulans,
1090 1033 1149 1083 ut,
1183 1033 1219 1074 31
1264 1033 1350 1086 ipse
1391 1033 1529 1075 venire
1569 1033 1776 1085 noluisset,

216 1104 360 1146 saltem
394 1103 526 1144 filium
560 1116 676 1144 suum
724 1103 776 1144 ad
823 1116 865 1145 se
911 1103 1109 1154 mitteret,
1158 1104 1199 1145 et
1243 1102 1396 1145 iuravit
1428 1117 1470 1146 se
1501 1104 1539 1146 ei
1571 1104 1774 1156 daturum,

214 1174 408 1228 quicquid
440 1174 519 1216 sibi
550 1173 804 1227 promiserat.
835 1173 971 1228 Igitur
1002 1173 1268 1228 Wrssinguss
1296 1175 1462 1216 tandem
1483 1174 1670 1228 precibus
1693 1174 1778 1217 vic-

214 1246 282 1288 tus
311 1246 426 1288 misit
456 1246 509 1287 ad
541 1258 633 1287 eum
664 1245 796 1286 filium
829 1257 947 1286 suum
978 1244 1191 1296 iuniorem,
1225 1257 1344 1298 quem
1376 1246 1447 1287 ille
1480 1246 1657 1299 benigne
1689 1258 1778 1287 sus-

215 1318 367 1372 cipiens
398 1317 497 1360 fecit
527 1316 742 1359 honorifice
774 1316 961 1359 habitare
993 1329 1141 1368 secum,
1189 1318 1230 1358 et
1276 1315 1458 1359 restituit
1504 1316 1541 1358 ei
1572 1315 1778 1358 heredita—

214 1389 299 1430 tem
329 1389 469 1442 patris.
533 1388 623 1441 Ipse
654 1388 792 1429 tamen
823 1388 938 1440 pater
969 1400 1062 1430 curn
1104 1387 1260 1429 seniore
1291 1387 1405 1430 filiog
1437 1388 1478 1429 et
1508 1387 1672 1429 filiabus
1703 1387 1778 1429 ha-

214 1460 364 1502 bitavit
395 1459 438 1500 in
468 1459 631 1514 regione
664 1460 912 1502 Francorum
944 1473 1069 1513 usque
1101 1460 1152 1501 ad
1184 1460 1339 1502 obitum
1371 1459 1601 1503 Radbodih.

356 1532 417 1574 4st
449 1530 634 1585 Contigit
652 1532 668 1555 2
698 1532 864 1573 autemk
896 1531 1116 1584 Pippinum
1163 1531 1306 1573 ducem
1337 1532 1585 1573 Francorum
1618 1531 1667 1573 de
1697 1531 1776 1574 hac

213 1603 303 1644 luce
335 1601 536 1656 migrasse
569 1603 610 1643 et
643 1601 773 1643 filium
817 1601 903 1643 eius
937 1601 1179 1643 Carolum1³
1211 1615 1335 1657 regno
1366 1602 1490 1656 potiri
1520 1603 1662 1656 patris.
1694 1602 1775 1655 Qui

212 1674 364 1716 multas
396 1675 539 1728 gentes
571 1673 740 1727 sceptris
773 1672 923 1714 adiecit
962 1673 1223 1724 Francorum,
1256 1673 1362 1714 inter
1395 1686 1494 1728 quas
1526 1673 1650 1715 etiam
1682 1686 1776 1716 cum

355 1812 372 1829 ὃ
395 1803 476 1838 Η113
512 1802 568 1837 W.
597 1823 638 1827 —
665 1803 681 1828 b
712 1803 773 1837 VI.
811 1804 888 1838 und
922 1803 1080 1838 clariiber
1106 1814 1176 1837 1·οη
1214 1804 1369 1838 ander-er
1405 1803 1524 1838 Hand
1565 1814 1624 1838 sex
1657 1803 1701 1838 L.
1730 1822 1775 1828 -

213 1870 227 1889 0
254 1874 354 1897 suum
373 1863 465 1897 Bon.
495 1882 539 1886 —
565 1862 582 1888 d
606 1861 835 1905 uurssingum
865 1862 922 1906 L;
957 1861 1187 1905 Wursingum
1223 1862 1293 1905 W,-
1328 1861 1534 1906 Wrsinguni
1552 1862 1581 1897 S
1589 1875 1596 1907 3
1623 1861 1775 1897 Wirsin-

212 1933 299 1966 gum
325 1921 374 1956 N.
403 1921 442 1955 T.
471 1941 514 1945 —
541 1929 556 1947 e
581 1921 632 1955 H.
652 1932 679 1956 s.
706 1922 749 1955 h.-
778 1924 945 1966 appetere
968 1933 1011 1955 ne
1035 1920 1128 1955 forte
1153 1921 1305 1966 antiqua
1329 1922 1473 1956 malitia
1498 1932 1577 1956 eun]
1604 1921 1653 1955 sic
1678 1921 1776 1965 cogi-

212 1982 309 2015 taret
336 1981 412 2015 vita
447 1981 611 2025 privare3
649 1981 695 2015 B.
723 1992 749 2015 s.
776 1982 820 2015 h.-
857 1981 971 2015 sciens
997 1980 1180 2025 perfidiam
1215 1982 1290 2015 eius
1316 1981 1386 2015 sibi
1415 1992 1485 2015 non
1511 1991 1586 2015 esse
1615 1983 1770 2015 cautam.

213 2060 258 2065 —
283 2041 528 2085 fuurssingus
564 2041 621 2084 L,-
651 2040 863 2085 Wursingus
907 2041 972 2084 ΠΕ·
1015 2041 1202 2084 Wrsingus
1240 2040 1286 2083 S5
1325 2039 1527 2084 Wirsingus
1569 2039 1619 2074 N.
1649 2040 1688 2074 T.
1729 2059 1774 2065 —

212 2108 231 2133 g
255 2099 279 2134 f.
306 2110 378 2134 sen.
404 2099 440 2135 S.
469 2119 512 2124 —-
538 2100 556 2126 h
581 2101 677 2144 regis
709 2100 776 2143 W‚·
813 2100 1002 2135 Rhadbodi
1029 2101 1138 2143 Bom—
1176 2099 1338 2134 Rabbodi
1374 2099 1425 2133 N.
1454 2099 1494 2133 T.
1523 2118 1566 2122 —
1592 2099 1601 2124 i
1627 2098 1670 2133 de
1695 2099 1774 2143 pip-

211 2160 296 2204 pino
323 2159 408 2194 duce
433 2159 634 2194 francorum
662 2159 1021 2204 Capitalilbersehrzlft
1037 2159 1082 2194 L.
1103 2179 1145 2183 —
1164 2159 1181 2184 k
1200 2159 1339 2194 interea
1357 2159 1404 2193 B.
1433 2178 1475 2182 —
1494 2158 1502 2183 1
1520 2157 1693 2192 Karolum
1715 2157 1774 2193 W.

358 2305 393 2345 1)
419 2302 497 2337 Von
522 2302 636 2337 dieser
661 2302 863 2337 Krankheit
888 2302 938 2337 ist
964 2304 1063 2336 sonst
1088 2302 1207 2336 11101113
1234 2301 1430 2342 berichtet3
1459 2301 1527 2335 715
1553 2299 1773 2335 vei-biindete

211 2363 286 2399 sich
311 2362 459 2397 Radbod
484 2362 553 2396 mit
590 2361 658 2396 den
696 2359 907 2396 Neustriern
933 2361 1007 2395 und
1032 2361 1194 2405 besiegte
1222 2361 1288 2395 716
1314 2360 1402 2394 Karl
1427 2360 1574 2394 Martell
1599 2358 1658 2394 bei
1683 2358 1773 2394 Coln

211 2422 253 2467 (s.
280 2421 391 2457 Gesta
416 2431 488 2464 reg.
508 2420 632 2455 Franc.
651 2431 724 2465 cap.
746 2421 801 2461 52,
828 2419 1035 2463 Fredegarii
1068 2418 1280 2453 Scholastici
1307 2418 1495 2453 chronicon
1520 2418 1770 2453 continuatum

211 2492 285 2525 cap.
313 2482 380 2516 106
406 2479 464 2515 bei
490 2480 654 2524 Bouquet
679 2480 702 2514 l.
729 2491 756 2514 c.
783 2480 831 2514 ΙΙ.
859 2479 954 2518 454).
981 2479 1043 2512 Bis
1069 2490 1110 2513 zu
1137 2479 1269 2513 seinen]
1297 2477 1392 2512 Tode
1411 2479 1488 2519 719,
1515 2477 1576 2512 der
1600 2477 1691 2511 nach
1709 2476 1772 2512 der

211 2540 298 2575 Vita
325 2540 359 2574 S.
386 2540 575 2580 Ermionis,
615 2538 676 2573 des
700 2539 812 2573 Abtes
839 2549 907 2572 von
937 2538 1074 2572 Lobbes
1101 2537 1171 2581 (bei
1198 2536 1391 2571 Mabillon:
1441 2537 1533 2571 Aeta
1560 2536 1771 2570 Sanctorum

211 2598 345 2634 ordinis
372 2599 407 2633 S.
432 2598 621 2633 Benedicti
647 2609 715 2632 see.
741 2598 808 2632 III.
835 2608 917 2642 pars
942 2598 971 2633 I.
998 2609 1031 2641 p.
1051 2598 1138 2637 5053
1168 2597 1240 2640 vgl.
1266 2596 1436 2641 Breysig:
1463 2595 1684 2630 Jahrbiicher
1710 2593 1772 2629 des

211 2657 453 2692 Frankischen
479 2657 628 2692 Reiehes
655 2657 840 2692 714—741
865 2657 899 2691 S.
926 2657 1009 2701 307)
1041 2667 1129 2690 neue
1154 2656 1367 2699 Rustungen
1392 2665 1509 2699 gegen
1534 2654 1622 2689 Kar]
1648 2656 1771 2689 unter—

211 2717 330 2759 brach,
356 2717 574 2761 behauptete
600 2728 637 2751 er
663 2716 760 2751 seine
785 2715 1122 2760 Unabhangigkeit.

353 2777 388 2821 2)
415 2776 582 2820 Contigit
609 2796 652 2800 —
678 2776 770 2810 sicut
808 2775 881 2810 fast
907 2775 1070 2810 w‘cirtlich
1107 2785 1170 2809 aus
1207 2774 1354 2809 Alcuins
1380 2773 1458 2808 vita
1491 2784 1516 2807 s.
1543 2770 1772 2807 Willibrordi

211 2846 239 2871 c.
268 2836 310 2870 13
336 2835 394 2870 bei
418 2835 528 2870 Jaffe:
556 2835 649 2869 Bibl.
675 2835 737 2870 VI.
764 2835 821 2870 49.

352 2895 389 2939 3)
415 2894 503 2929 Karl
527 2894 673 2929 Martell
699 2894 884 2929 714—741
911 2893 1062 2929 October
1088 2894 1154 2934 213
1187 2893 1319 2937 Pippin
1345 2890 1444 2926 starb
1463 2891 1531 2926 714
1555 2891 1637 2926 Dec.
1664 2891 1719 2926 16.
1768 2932 1771 2933 ⁷
