1801 3213
438 116 616 159 Weitere
647 118 923 160 Nachrichten
954 118 1052 160 siber
1083 119 1274 173 Liudger.
1550 121 1635 162 305

230 232 448 285 Quantusl
490 233 662 287 denique
702 235 859 276 fructus
901 237 940 276 et
977 237 1178 288 profectus
1210 249 1255 278 ex
1295 237 1491 279 eiusmodi
1521 251 1636 291 pera-

88 303 343 358 grationibus
374 306 603 346 sanctorum
636 306 798 357 patrum
840 306 1018 348 accrevit
1048 306 1218 357 mundo,
1259 320 1331 349 nec
1362 308 1446 360 ipse
1478 308 1636 351 Tullius

86 392 214 433 neque
254 379 545 422 Demosthenes
585 394 656 422 sua
692 381 919 434 eloquentia
959 382 1070 424 effari
1112 383 1153 424 et
1193 382 1422 434 depromere
1453 380 1635 432 possent:

87 450 407 504 quandoquidem
439 452 485 493 ut
516 452 565 493 de
596 452 689 494 aliis
711 452 874 494 interim
909 453 1065 504 sileam,
1098 454 1131 495 si
1163 453 1290 495 nostri
1322 451 1474 494 ordinis
1505 450 1636 492 sancti

87 522 128 562 et
159 521 410 563 devotissimi
442 523 576 576 patres
610 522 896 574 Columbanus,
931 523 1089 576 Gallus,
1132 523 1353 573 Chilianus,
1386 521 1638 571 Bonifacius,

86 591 408 645 Willebrordus,
451 594 678 649 Lndigerus
711 596 752 636 et
791 608 930 648 pares,
974 597 1054 637 suis
1095 596 1136 636 in
1179 593 1434 636 monasteriis
1465 592 1635 634 resedis-

86 664 188 714 sent,
221 664 311 717 quis
344 697 353 706 .
389 696 397 706 .
433 698 442 706 .
475 667 618 720 gentes
650 665 701 707 ad
733 665 854 707 fidem
887 665 1040 708 Christi
1072 666 1366 708 convertisset?
1400 697 1408 705 .
1444 697 1452 704 .
1488 697 1496 705 .

228 746 376 789 Contra
395 748 411 772 2
440 761 557 801 quem
590 747 912 802 (widikindum)
947 747 1111 790 Carolus
1136 749 1311 802 Magnus
1331 746 1505 801 triginta
1536 757 1635 799 pene

85 829 211 859 annos
243 819 526 860 cruentissima
558 819 664 861 bella
705 819 832 873 gessit
871 819 1113 873 tandemque
1153 819 1306 861 victum
1338 816 1635 870 praedicatione

85 888 214 930 sancti
247 889 442 944 Ludigeri
474 890 525 931 ad
557 889 678 931 fidem
721 902 956 931 conversum
1002 890 1044 930 in
1091 890 1255 944 Engern
1294 888 1491 941 baptizari
1523 887 1633 929 fecit.

226 971 521 1014 Chronicon
553 966 1029 1026 Naumbergense3:
1085 983 1336 1028 Episcopatum
1370 981 1461 1016 hunc
1499 981 1635 1024 (Mona-

83 1053 315 1099 stericnscm)
352 1054 505 1089 Karolus
546 1065 694 1098 magnus
733 1064 825 1089 anno
862 1054 963 1088 Dom.
998 1042 1355 1097 septingentesimo
1389 1075 1396 1083 .
1433 1074 1441 1082 .
1477 1074 1485 1082 .
1521 1075 1529 1083 .
1563 1041 1634 1085 IX.

82 1123 261 1165 fundavit,
288 1125 349 1170 qui
375 1125 418 1160 ab
445 1126 552 1160 initio
579 1128 615 1160 et
641 1126 844 1171 antiquitus
871 1124 1269 1169 Mimigardevordensis
1294 1126 1440 1157 vocatus
1466 1126 1538 1163 cst,
1565 1111 1635 1154 Sed

84 1185 221 1236 postea
253 1197 322 1237 pro
353 1186 505 1240 insigni
537 1186 710 1240 glorioso
750 1185 992 1227 monasterio
1039 1186 1080 1226 et
1122 1184 1291 1226 basilica
1323 1183 1417 1225 istic
1448 1182 1634 1225 edificata

83 1254 414 1298 Monasteriensis
446 1256 570 1310 vulgo
601 1257 787 1298 Miinster
819 1258 880 1298 est
911 1268 990 1297 una
1022 1268 1113 1297 011111
1146 1255 1232 1308 ipsa
1264 1254 1362 1295 urbe
1393 1254 1634 1307 appellatus.

82 1336 192 1371 Cuius
216 1337 350 1381 primus
375 1338 528 1372 antistes
555 1338 658 1372 divus
684 1338 754 1373 fuit
780 1337 990 1381 Ludigerus,
1025 1326 1154 1367 nostri
1186 1325 1352 1375 ordinis,
1394 1325 1440 1365 1113
1470 1324 1634 1377 quidam

82 1396 278 1448 scribunt,
310 1398 509 1451 quondam
548 1399 780 1440 monachus.
832 1408 899 1451 Qui
925 1411 962 1442 et
995 1407 1037 1441 de
1071 1406 1307 1441 facultatibus
1340 1407 1394 1440 sui
1427 1406 1634 1450 patrimonii

81 1466 210 1501 celebri
235 1467 392 1503 eiusdem
418 1480 445 1503 s.
472 1468 658 1503 Benedicti
684 1467 817 1502 ordinis
842 1467 879 1501 in
900 1466 1075 1501 Werdena
1100 1477 1202 1510 super
1227 1467 1357 1500 Raram
1384 1465 1529 1499 fiuvium
1555 1475 1634 1499 con-

81 1539 214 1572 struxit
238 1540 503 1581 monasterium,
531 1540 567 1574 in
595 1550 662 1584 quo
689 1541 725 1573 et
751 1539 911 1583 sepultus
937 1538 1090 1583 quiescit
1115 1537 1153 1571 111
1179 1536 1333 1578 Christo,
1369 1525 1482 1567 cuius
1526 1526 1635 1565 'tum-

80 1596 174 1640 bam
220 1599 442 1652 preciosam
486 1612 590 1642 anno
627 1599 742 1642 Dom.
779 1599 890 1640 1515
936 1598 1088 1639 ibidem
1135 1596 1310 1639 existens
1357 1609 1448 1638 cum
1497 1595 1635 1637 debita

81 1669 266 1722 conspexi
297 1670 538 1712 reverentia.
962 1678 966 1683 ’

223 1759 291 1800 36.
335 1758 635 1804 ,Hermanni
667 1771 690 1800 a
721 1757 1143 1807 Kerssenbroch:
1177 1756 1386 1798 Bellum
1412 1754 1635 1807 anabap-

81 1829 326 1872 tisticum
356 1831 830 1873 Monasteriense4:
873 1830 981 1872 Hinc
1013 1829 1055 1870 in
1077 1842 1181 1870 anno
1217 1828 1312 1869 772.
1346 1839 1437 1868 cum
1470 1824 1634 1867 Carolus

79 1901 136 1945 M.
168 1903 330 1955 accepto
362 1902 405 1943 in
436 1902 728 1944 Wormatiensi
768 1901 998 1955 principum
1039 1899 1235 1943 comitatu
1273 1897 1432 1939 decreto
1474 1897 1634 1950 publico

80 1972 339 2025 Westphalos
386 1974 427 2015 et
473 1973 648 2015 Saxones
695 1973 747 2015 ad
793 1972 915 2015 fidem
959 1971 1112 2014 Christi
1159 1968 1468 2023 amplexandam
1510 1967 1634 2008 armis

80 2044 354 2098 compelleret,
381 2055 705 2099 Mimigardevorda
731 2066 868 2101 quoque
892 2056 968 2089 eius
994 2053 1140 2098 imperio
1171 2051 1329 2086 subiecta
1362 2060 1483 2094 parere
1507 2050 1634 2094 coepit,

80 2128 118 2160 et
150 2115 196 2156 ut
216 2115 455 2170 religionem
486 2128 511 2157 a
542 2117 679 2158 sancto
712 2115 907 2158 Swiberto
927 2115 1104 2168 primum
1137 2111 1342 2154 inventam
1365 2109 1632 2160 confirmaret,

80 2185 118 2219 in
143 2184 208 2219 hoc
232 2184 360 2230 oppido
385 2185 560 2230 inclytum
595 2185 812 2229 regularium
849 2196 910 2220 scu
937 2184 1182 2219 canonicorum
1217 2179 1469 2214 monasterium
1503 2179 1633 2223 cpisco-

78 2255 264 2300 palemque
289 2255 406 2291 sedem
437 2245 562 2288 variis
595 2245 822 2300 privilegiis
854 2246 895 2287 et
934 2242 1261 2292 immunitatibus
1302 2240 1483 2282 dotatam
1510 2250 1632 2292 erexit,

80 2327 137 2361 cui
153 2329 316 2362 sanctum
342 2327 558 2372 Ludgerum,
585 2329 699 2362 virum
725 2329 862 2373 pietate
887 2327 1066 2367 eximium,
1098 2326 1145 2356 ac
1170 2311 1322 2355 ordinis
1353 2310 1483 2353 sancti
1505 2310 1633 2352 Bene-

80 2388 182 2430 dicti
212 2389 474 2441 monachum,
508 2428 516 2435 .
549 2429 555 2436 ,
584 2430 590 2436 ,
623 2412 664 2436 ea
698 2400 777 2445 lege
811 2399 977 2445 prefecit,
1020 2400 1063 2432 ut
1094 2395 1217 2431 rudem
1250 2392 1363 2427 adhuc
1397 2391 1563 2436 populum
1595 2394 1633 2426 et

80 2469 183 2493 saxea
207 2458 312 2493 corda
336 2460 492 2494 nondum
518 2470 684 2494 conversa
708 2458 971 2504 praedicatione
998 2455 1204 2499 evangelica
1229 2450 1407 2487 emolliret
1432 2450 1632 2495 multosque

79 2517 217 2554 Christi
241 2518 337 2553 lucro
362 2518 505 2554 faceret.
531 2519 607 2562 Qua
632 2519 670 2553 in
695 2530 732 2554 rc
750 2519 805 2553 vir
829 2518 891 2553 1110
916 2519 1060 2552 sanctus
1085 2517 1123 2549 ct
1142 2514 1247 2548 huius
1272 2510 1338 2545 loci
1364 2509 1632 2554 prothopraesul

79 2587 149 2611 non
175 2578 336 2621 segniter
358 2577 549 2620 laboravit,
579 2578 640 2613 sed
664 2589 791 2612 munus
816 2576 885 2612 sibi
912 2576 1134 2611 commissum
1160 2581 1288 2615 magno
1314 2580 1392 2604 cum
1417 2567 1531 2602 fructo
1557 2579 1632 2603 exe-

81 2638 182 2670 cutus
207 2638 274 2671 est.

222 2790 256 2834 1)
281 2789 458 2825 Pistorius
484 2790 542 2826 SS.
570 2790 598 2825 Ι.
627 2791 728 2826 1290.
757 2810 800 2814 -—
826 2791 862 2835 2)
889 2791 1064 2825 Pistorius
1091 2791 1148 2826 SS.
1176 2791 1205 2826 Ι.
1225 2792 1303 2827 ῖὸἴ).
1331 2812 1374 2817 -
1400 2793 1436 2838 3)
1461 2792 1631 2827 Mencken

79 2848 139 2884 SS.
165 2848 214 2884 II.
239 2850 296 2885 82.
323 2869 366 2874 —
392 2849 430 2894 4)
455 2847 625 2884 Mencken
652 2849 713 2884 SS.
739 2849 785 2885 II.
814 2850 917 2885 1308.

1293 2916 1348 2958 20
