1801 3213
207 126 297 194 21'6

258 390 358 431 815.

257 721 356 763 820.

207 1031 307 1073 825.
341 1029 397 1064 27.

206 1150 307 1191 855.
352 1167 394 1172 -

325 1267 380 1302 28.

254 1457 352 1499 860.

255 1767 353 1809 890.

255 2074 355 2116 895.

323 2204 379 2238 29.

347 2450 427 2486 817.
452 2451 587 2496 primus
613 2451 856 2487 irreformator
881 2462 915 2486 a.
941 2451 988 2486 R.
1014 2462 1084 2487 von
1116 2452 1240 2495 spc'z'ter
1276 2449 1396 2484 Hand
1423 2449 1462 2484 T.
1504 2468 1548 2473 -
1583 2448 1664 2483 860.
1702 2457 1767 2483 vor

593 152 690 193 Vita
722 152 871 206 rythm.
904 163 935 193 s.
972 150 1167 206 Liudgeri
1199 150 1270 194 let.
1302 150 1377 193 III.

422 267 829 312 Octingentesimo
855 270 964 313 atque
990 267 1282 312 sexagesimo

491 330 600 374 atque
625 339 749 362 anno
776 329 948 373 quarto
975 326 1080 361 verbo
1104 327 1352 362 incarnato.

420 386 680 422 Probantur
705 385 833 428 lucide,
859 396 927 431 que
953 396 1118 420 conamur
1142 384 1270 427 dicere,

491 460 632 502 gesta
663 446 714 487 ad
746 445 923 500 priorum
962 445 1084 487 fidem
1121 445 1411 498 predictorum,

420 529 502 574 Ipso
533 529 605 563 iam
632 530 799 572 tempore,
832 517 947 558 dum
978 516 1241 558 BerbOlfUS
1278 526 1496 572 improbe²

491 589 578 630 loco
610 587 854 637 dominatus,
893 587 987 629 inde
1020 587 1082 628 est
1111 587 1295 642 fugatus,

419 659 467 694 Et
492 659 560 693 Dei
585 659 705 702 gratia
731 658 958 702 pietasque
984 657 1136 701 regia,

493 728 656 775 improbo
688 731 864 769 amoto,
897 727 1085 763 redonavit
1109 728 1186 763 loco

419 789 544 824 Vitam
569 789 821 829 monachicam,
849 799 937 833 quae
963 798 1025 833 per
1049 787 1387 832 negligenciam

490 849 599 885 viluit
625 850 797 884 malorum
823 851 910 884 tunc
935 848 1270 893 prepositorum,

420 909 572 955 Signa,
599 920 712 955 quae
738 908 912 943 fuerant
938 908 1224 952 intercepta,
1250 910 1460 952 ceperant

489 969 630 1004 meritis
655 967 827 1012 Liudgeri
852 968 865 1002 i
879 970 895 1002 t
906 978 923 1002 e
938 979 954 1002 r
968 979 989 1001 u
1004 978 1038 1001 m
1065 966 1188 1002 videri.

426 1027 728 1063 Thiedhardus
754 1027 896 1062 nomine
921 1026 1229 1072 presbiterque
1255 1026 1377 1061 ordine

489 1088 621 1133 aliquis
647 1089 873 1122 nostrorum
899 1085 972 1121 fuit
996 1085 1273 1120 monachorum²
1299 1113 1306 1120 .
1335 1113 1342 1120 .
1372 1112 1379 1120 .

420 1147 626 1182 Monstrans
650 1157 721 1181 non
746 1146 855 1181 aliter
880 1156 986 1191 quam
1012 1145 1040 1180 P
1055 1145 1188 1187 auluS,
1216 1144 1276 1180 sed
1300 1145 1446 1190 pariter,

488 1206 680 1242 veritatem
705 1205 808 1240 nobis
834 1205 950 1240 dictae
977 1205 1138 1240 visionis.

417 1265 544 1301 Eidem
570 1265 687 1300 simile
713 1266 751 1300 in
777 1264 899 1300 eodem
925 1267 1094 1309 tempore,

487 1338 565 1380 quo
597 1326 679 1368 iam
711 1325 928 1379 disciplina
958 1324 1082 1367 rediit
1115 1324 1268 1375 divina,

418 1396 570 1441 Signum
595 1395 785 1437 acciderat,
812 1395 904 1441 quod
929 1406 1007 1430 cum
1033 1383 1110 1430 luce
1136 1394 1262 1430 aderat

487 1456 661 1501 rebusque
686 1455 840 1490 terrenis
863 1455 983 1490 inerat
1008 1454 1050 1490 de
1076 1454 1185 1489 celis:

416 1514 571 1551 Custos
597 1515 812 1550 ecclesiae
837 1513 1128 1549 Liudbertus³
1151 1541 1160 1548 .
1187 1540 1195 1548 .
1224 1541 1230 1547 .
1259 1540 1267 1548 .

417 1574 533 1609 Huius
558 1574 723 1609 miraculi
748 1576 861 1609 testes
889 1576 992 1609 erant
1016 1573 1163 1619 plurimi

488 1633 629 1676 fratres,
657 1634 718 1679 qui
744 1632 917 1668 videbant
946 1643 1067 1668 omnes
1093 1634 1130 1668 et
1156 1631 1363 1673 narrabant,

418 1693 533 1747 Quod
565 1695 605 1737 et
637 1706 678 1736 se
711 1693 867 1736 dixerat
899 1693 1062 1745 vidisse,
1095 1692 1164 1746 qui
1195 1692 1425 1746 scripserat,

489 1778 606 1820 opere
637 1765 743 1820 quod
774 1777 862 1807 meo
894 1764 1044 1815 imitor,
1081 1765 1126 1805 ut
1158 1776 1269 1816 queo.

417 1835 479 1871 Ex
505 1847 523 1871 e
538 1847 558 1871 o
583 1838 742 1880 tempore
767 1837 933 1880 sperata
958 1844 1178 1878 summopere

489 1895 610 1939 gracia
635 1897 692 1930 est
716 1894 784 1929 Dei
810 1894 993 1929 meritis
1018 1893 1105 1928 Liu
1121 1893 1292 1936 dgeri,

419 1953 528 1990 Cuius
552 1965 634 1999 pre
649 1966 664 1989 s
680 1954 822 1989 encia
849 1953 898 1988 sic
923 1953 974 1987 sit
999 1954 1037 1987 et
1062 1952 1254 1987 clemencia

487 2011 644 2058 undique
670 2014 840 2057 impensa,
867 2012 1024 2057 undique
1049 2014 1205 2053 ostensa,

416 2084 465 2119 Et
490 2073 639 2115 nostris
670 2073 881 2123 fratribus,
914 2083 1076 2128 quamvis
1102 2094 1124 2127 p
1135 2094 1152 2117 e
1167 2094 1185 2117 c
1198 2094 1215 2117 c
1227 2094 1247 2117 a
1261 2086 1278 2118 t
1292 2094 1311 2118 o
1325 2083 1423 2118 ribus

488 2154 525 2178 se
550 2154 621 2178 non
647 2142 893 2182 subtraxisset,
921 2142 982 2177 sed
1011 2143 1061 2177 sic
1087 2143 1275 2178 illuxisset.

417 2202 675 2246 Quaedam,
702 2213 792 2247 quae
818 2201 1015 2246 grandibus
1041 2204 1097 2236 est
1122 2201 1398 2237 infirmitatibus

486 2284 606 2319 pressa
631 2263 856 2305 vicinorum
888 2273 1246 2308 Hattuariorum4
1272 2300 1280 2307 .
1309 2300 1316 2307 .
1380 2299 1387 2307 .

417 2351 461 2358 —
487 2336 558 2368 est
583 2343 767 2368 reversa
792 2332 933 2367 domum
959 2331 1170 2367 benedicens
1194 2332 1339 2366 Deum.

204 2509 357 2544 terrenis
382 2510 431 2546 ist
455 2508 498 2544 de
522 2510 644 2546 radirt
671 2510 711 2545 T.

349 2663 383 2708 1)
408 2663 476 2698 Die
502 2664 579 2698 vita
596 2663 663 2698 ΙΙΙ.
691 2664 714 2698 l.
734 2675 762 2697 c.
796 2663 869 2698 und
896 2663 973 2698 vita
999 2663 1048 2698 ΙΙ.
1075 2663 1112 2707 (l.
1140 2663 1203 2707 II.)
1230 2673 1256 2697 c.
1287 2663 1330 2697 18
1358 2661 1545 2696 berichten
1570 2659 1765 2704 allgemein

204 2720 291 2756 iiber
316 2721 373 2756 die
399 2721 608 2757 Herrschaft
634 2722 695 2757 der
721 2723 915 2767 praepositi
940 2722 1190 2767 improbiores;
1229 2721 1296 2755 den
1326 2720 1465 2755 Namen
1491 2717 1656 2754 Bertolds
1682 2717 1766 2762 gibt

203 2780 294 2815 auch
319 2780 376 2815 die
401 2781 726 2825 Zusatzerzahlung
760 2793 801 2815 zu
834 2781 913 2816 dem
945 2781 1107 2825 Privileg
1144 2779 1513 2825 (Geschichtsquellen
1538 2778 1567 2813 1.
1595 2777 1666 2812 354
1690 2774 1765 2810 und

203 2838 383 2884 Anhang).
410 2859 454 2864 —
481 2841 516 2884 2)
543 2840 630 2874 Vita
654 2840 721 2875 111.
749 2851 776 2874 e.
795 2841 858 2881 273
887 2841 964 2874 vita
988 2840 1037 2874 ΙΙ.
1064 2851 1092 2874 c.
1119 2841 1174 2875 19.
1196 2859 1237 2864 -
1267 2840 1304 2883 3)
1331 2838 1417 2873 Vita
1442 2837 1510 2873 ΙΙΙ.
1535 2847 1564 2872 c.
1589 2837 1654 2878 28;
1679 2834 1761 2870 vita.

203 2898 254 2934 11.
281 2909 309 2933 c.
337 2900 391 2934 20.

420 2917 465 2923 -
489 2899 526 2943 4)
553 2898 639 2933 vita
665 2899 734 2933 III.
760 2909 789 2933 c.
815 2900 881 2940 29;
909 2899 985 2933 vita
1012 2899 1041 2933 1.
1068 2909 1096 2933 c.
1126 2900 1178 2934 19.
