1864 3213
255 152 337 193 116
682 146 782 189 Vita
811 145 885 188 III.
917 158 948 188 s.
981 144 1184 200 Liudgeri
1215 144 1288 187 lib.
1320 144 1375 188 11.

253 268 541 322 obstupescat?
588 265 712 319 Quisa
751 264 836 306 eius
868 263 911 305 in
943 263 1074 319 signis
1105 263 1358 306 occultandis
1388 262 1696 305 humilitatemb
1727 275 1807 306 non

251 339 455 382 miretur?
499 337 655 381 Maiora
696 336 792 378 sunt
835 335 926 385 ista,
973 347 1093 388 quam
1140 335 1185 376 ut
1217 334 1341 389 digne
1372 347 1418 377 ea
1449 335 1609 377 nostrae
1640 334 1807 389 linguae

250 409 422 452 ariditas
456 410 589 452 valeat
620 406 830 461 explicare.
884 405 970 448 Nec
1002 406 1096 460 eget
1127 405 1199 447 ille
1230 404 1358 447 nostri
1380 405 1574 448 sermonis
1595 406 1806 459 praeconio

252 483 293 523 et
322 482 461 524 nostra
483 479 731 529 laudatione,
766 477 834 531 qui
855 477 1045 519 tantumc
1076 476 1183 530 apud
1215 476 1406 519 mortales
1427 476 1626 532 prodigiis
1657 476 1805 528 clarus,

251 551 318 606 qui
349 551 542 593 tantumd
574 550 680 591 inter
712 548 876 603 angelos
909 548 948 589 et
980 547 1158 589 omnium
1191 548 1420 590 sanctorum
1452 548 1591 590 choros
1622 548 1665 589 in
1697 547 1807 590 caelo

251 624 312 665 est
343 622 609 677 glorificatus,
642 620 712 662 ubi
744 632 850 661 nunc
883 618 1042 661 Christo
1075 619 1314 661 coniunctus
1346 632 1416 673 pro
1448 619 1576 671 nobis,
1610 618 1695 661 eius
1726 632 1808 661 ser-

253 694 315 737 vis
347 694 509 747 suisque
541 690 826 742 servitoribus,
873 690 982 744 apud
1013 691 1142 744 ipsum
1175 690 1414 741 intercedat,
1447 690 1515 744 qui
1547 698 1663 733 cume
1694 691 1808 745 patre

253 767 293 808 et
324 765 471 819 spiritu
504 764 642 807 sancto
674 762 802 804 unusf
831 762 933 804 vivit
964 762 1004 803 et
1026 762 1170 817 regnat
1203 761 1341 804 Deusg
1372 774 1442 816 per
1477 762 1640 805 omniall
1672 762 1808 805 secula

251 836 506 879 seculorumi.
540 834 727 887 Amenk.

733 908 937 953 Explicit
967 908 1087 945 liber
1115 908 1292 952 primus
1305 904 1327 945 ¹.

712 1027 883 1072 Incipit
912 1027 1032 1064 liber
1062 1028 1294 1064 secundus
1304 1031 1344 1064 ¹1¹.

393 1118 640 1163 Liudgerin
672 1119 840 1153 merita
874 1117 1145 1152 multifaric
1187 1128 1266 1152 suo
1308 1117 1430 1152 Deus
1463 1117 1631 1162 pandit
1672 1117 1808 1153 testi-

251 1180 416 1221 monio,
442 1182 488 1214 et
513 1178 694 1223 gloriae
726 1180 788 1212 et0
814 1177 1019 1218 honoris,
1046 1188 1130 1222 quo
1156 1187 1250 1211 cum
1275 1177 1366 1212 Deo
1393 1175 1581 1218 fruitur,
1608 1177 1809 1221 plurima

252 1251 301 1276 ex
326 1239 486 1283 signis
512 1236 815 1272 salutaribus
841 1235 1022 1271 indicia
1048 1238 1285 1271 constant.
1321 1236 1405 1271 Tot
1429 1237 1600 1272 etenim
1625 1236 1808 1272 salutes

252 1298 304 1334 ad
330 1299 430 1334 eius
455 1297 577 1332 sacri
603 1296 811 1341 corporis
836 1296 978 1331 locum
1005 1295 1187 1330 infirmi
1213 1306 1318 1341 sepe
1355 1297 1708 1341 resumpserunt
1733 1305 1809 1329 nec

252 1369 336 1394 non
362 1360 433 1393 etp
459 1356 679 1392 absentes
705 1356 750 1390 in
777 1356 875 1390 suis
914 1355 1288 1391 necessitatibus
1326 1356 1425 1390 eius
1463 1366 1582 1400 opem
1622 1355 1690 1390 ita
1727 1354 1809 1390 fre-

253 1419 451 1464 quenter
477 1416 653 1461 experti
681 1416 805 1456 sunt,
831 1416 885 1449 ut
918 1414 1029 1449 haec
1066 1415 1326 1449 enumerari
1364 1414 1650 1459 impossibile
1675 1414 1740 1449 sit
1765 1416 1809 1449 et

253 1487 494 1524 scribendi
520 1486 747 1522 excedant
772 1485 981 1521 modum1.
1033 1474 1142 1517 ὃθᾶ(1
1191 1475 1287 1528 quia
1334 1474 1529 1528 superiori
1575 1475 1716 1517 libello
1748 1475 1810 1517 vi—

254 1550 341 1592 tam
372 1549 516 1602 atquer
546 1547 743 1590 miracula
790 1547 921 1589 sancti
960 1555 1032 1589 acS
1077 1546 1304 1588 beatissimi
1350 1545 1492 1588 huiust
1533 1545 1686 1588 Christi
1717 1559 1809 1588 con-

255 1620 448 1663 sessorisu
479 1619 656 1662 strictim
685 1618 969 1672 percurrimus,
1003 1630 1107 1659 nunc
1130 1629 1176 1660 ea
1203 1618 1381 1660 breviter
1411 1618 1675 1672 attingamus,
1708 1630 1809 1672 quae

255 1692 346 1746 post
376 1691 560 1734 sanctum
593 1690 678 1732 eius
709 1690 865 1732 obitum
906 1689 1044 1731 divina
1084 1701 1155 1743 per
1186 1701 1277 1730 eum
1309 1688 1443 1744 gratia
1478 1690 1633 1743 operari
1665 1689 1810 1744 digna-

255 1763 327 1806 tav
357 1763 431 1805 est.
463 1773 555 1808 Nam
580 1773 847 1807 sacrosancta
873 1771 1003 1806 illius
1037 1771 1205 1806 merita
1231 1771 1412 1806 cunctis
1446 1771 1529 1806 hinc
1565 1769 1648 1806 inde
1674 1771 1718 1806 ad
1757 1771 1810 1816 ip-

256 1844 332 1869 sum
350 1831 644 1869 confluentibusw
669 1842 729 1877 pro
749 1831 967 1875 singulorum
990 1829 1057 1866 fide
1084 1830 1349 1875 suffragari
1375 1841 1459 1865 non
1485 1833 1681 1873 cessant,
1717 1832 1809 1877 qui-

399 1948 415 1966 a
443 1937 822 1983 miraculorum—quis
847 1937 874 1981 f.
900 1937 937 1972 J.
964 1936 1014 1972 K.
1041 1936 1089 1971 X.
1119 1957 1161 1962 —
1187 1937 1204 1963 b
1230 1937 1264 1972 h.
1291 1937 1313 1972 i.
1334 1949 1359 1973 s.
1388 1948 1417 1972 o.
1452 1937 1508 1973 W.
1529 1958 1572 1962 —
1599 1945 1613 1965 0
1638 1942 1724 1974 statt
1749 1938 1810 1984 qui

257 2001 424 2035 tantum:
450 1999 624 2044 quantum
650 1997 700 2032 N.
729 1997 764 2031 P
788 1996 865 2031 und
890 2007 979 2031 corr.
1005 1997 1047 2031 in
1072 1998 1215 2031 tantum
1243 1996 1275 2030 T
1282 2010 1291 2037 3
1317 1997 1433 2031 tantis
1476 1997 1529 2032 W.
1557 2017 1599 2022 —
1639 1997 1656 2023 d
1680 1998 1811 2033 wieder

258 2060 430 2105 quantum
456 2056 508 2093 N.
536 2057 576 2091 T.
602 2057 646 2091 P.
674 2075 717 2081 —-
755 2062 770 2081 e
796 2054 839 2089 K
860 2065 887 2089 8.
913 2055 953 2089 h.-
979 2054 1062 2090 Deo.
1092 2075 1136 2080 —
1171 2055 1186 2081 f
1206 2055 1234 2099 f.
1261 2055 1306 2090 L.
1341 2055 1399 2098 W;
1425 2056 1462 2091 J.
1488 2056 1538 2092 K.
1565 2057 1613 2091 X.
1639 2057 1682 2092 Z.
1707 2068 1735 2093 s.
1767 2058 1811 2092 h.-

257 2118 362 2153 Deus.
397 2136 441 2141 —
466 2124 483 2150 g
508 2116 534 2160 f.
560 2115 597 2150 J.
624 2115 673 2150 K.
700 2114 747 2149 X.
776 2113 817 2148 Ζ.
846 2134 888 2138 -
925 2113 943 2139 11
966 2114 993 2157 f.
1020 2113 1074 2148 M.
1103 2133 1145 2139 —-
1172 2113 1181 2139 i
1207 2114 1234 2158 f.
1261 2114 1315 2149 M.
1341 2114 1388 2148 Ε.
1415 2135 1459 2140 -
1483 2115 1502 2141 k
1526 2117 1603 2151 hier
1627 2117 1731 2152 endec
1754 2117 1809 2152 M.

257 2177 268 2204 l
293 2188 324 2214 e.
349 2177 374 2212 l.
399 2188 433 2222 p.
459 2176 486 2220 f.
515 2174 551 2211 G.
578 2175 627 2210 K.
660 2175 701 2210 V.
729 2174 777 2208 X.
805 2173 848 2209 Z.
875 2173 924 2209 N.
951 2174 1007 2215 P;
1032 2173 1159 2218 prioris
1196 2173 1280 2208 libri
1318 2174 1374 2209 hic
1408 2177 1548 2210 constat
1585 2176 1667 2211 finis
1691 2176 1738 2211 F.
1765 2197 1808 2201 —

257 2244 285 2263 ¹¹1
307 2236 336 2281 f.
364 2236 401 2271 0.
427 2234 476 2270 K.
512 2235 555 2269 Z.
590 2234 639 2269 N.
668 2234 722 2275 P;
748 2233 811 2268 lib.
850 2244 915 2268 see.
943 2233 991 2267 X.
1025 2233 1077 2277 V‚·
1114 2233 1182 2267 inc.
1221 2244 1286 2268 sec.
1313 2234 1369 2275 E;
1411 2234 1446 2269 U
1478 2235 1557 2270 und
1583 2235 1616 2269 T
1648 2246 1675 2270 s.
1701 2237 1742 2271 h.-
1766 2235 1810 2272 de

257 2295 438 2331 miraculis
463 2293 577 2329 sancti
603 2292 758 2337 Ludgeri
797 2292 988 2337 (Ludgheri
1017 2293 1062 2337 Τ)
1088 2293 1238 2338 episcopi
1272 2295 1309 2328 et
1342 2292 1567 2335 confessoris;
1593 2294 1635 2329 de
1660 2295 1810 2330 miracu-

258 2355 304 2390 lis
330 2354 446 2389 sancti
471 2352 627 2397 Ludgeri
665 2363 732 2397 que
768 2354 848 2397 post
886 2352 961 2386 eius
998 2351 1137 2386 obitum
1167 2351 1212 2386 ad
1237 2353 1348 2397 ipsius
1374 2354 1580 2388 memoriam
1605 2354 1701 2389 facta
1725 2357 1810 2390 sunt

259 2413 303 2448 N
307 2428 316 2455 ;
342 2414 409 2448 inc.
436 2412 521 2447 libri
545 2411 689 2447 secundi
724 2411 890 2456 prologus
923 2411 980 2452 F3
1007 2411 1058 2447 N.
1097 2410 1137 2446 Ο.
1165 2412 1200 2446 P
1236 2412 1313 2447 und
1341 2412 1370 2457 Q
1405 2414 1524 2448 haben
1561 2413 1631 2450 den
1665 2416 1810 2450 zweiten

261 2472 363 2508 Theiz
388 2466 482 2508 nach
514 2471 599 2507 Vita
623 2471 650 2505 I
656 2485 664 2512 ;
691 2471 761 2506 den
797 2471 884 2506 oben
919 2471 1116 2516 yeqebenen
1141 2471 1197 2505 II.
1237 2471 1340 2506 Theil
1365 2471 1479 2507 dieser
1522 2472 1606 2508 Vita
1642 2473 1722 2508 III.
1747 2475 1811 2509 hat

259 2531 351 2567 auch
375 2531 445 2566 Br.
473 2551 515 2555 —
542 2538 560 2556 Π
585 2529 741 2574 Ludgeri
773 2529 820 2570 U;
847 2528 1028 2573 Ludgheri
1056 2529 1096 2565 T.
1124 2549 1167 2553 —
1194 2537 1208 2555 0
1235 2540 1276 2564 ac
1303 2530 1342 2565 T.
1372 2551 1414 2555 —
1439 2539 1456 2564 P
1481 2532 1509 2575 f.
1538 2531 1577 2566 T.
1597 2553 1640 2557 —
1667 2541 1683 2565 q
1701 2532 1809 2567 Liud-

259 2589 446 2636 geri—sed
470 2591 497 2634 f.
522 2590 559 2625 J.
585 2589 632 2625 K.
668 2589 708 2624 V.
736 2589 784 2623 X.
811 2588 1005 2634 Z.!Br.—-
1031 2596 1044 2614 r
1069 2591 1105 2623 et
1137 2589 1177 2623 V.
1206 2589 1254 2623 X.
1281 2590 1325 2624 Z.
1353 2610 1396 2615 -—
1422 2599 1435 2617 S
1461 2602 1486 2626 s.
1505 2601 1536 2626 a.
1564 2603 1596 2626 a.
1622 2592 1669 2627 R.
1698 2592 1738 2626 T.
1765 2612 1808 2617 ——

258 2650 271 2676 t
295 2649 322 2693 f.
347 2649 384 2684 J.
412 2648 461 2683 K.
493 2648 535 2684 V.
562 2648 610 2682 X.
638 2648 680 2683 Z.
706 2649 784 2691 Bm
808 2649 929 2684 raclirt
953 2648 998 2682 F.
1027 2668 1071 2673 —
1103 2655 1122 2674 11
1147 2648 1237 2684 conf.
1264 2648 1344 2685 Chr.
1382 2651 1419 2685 J.
1446 2650 1495 2685 K.
1528 2651 1567 2685 V.
1601 2651 1643 2686 Z.
1669 2652 1746 2693 Br3
1770 2652 1808 2686 J.

259 2707 309 2743 K.
342 2708 377 2743 V
398 2718 424 2743 s.
450 2708 494 2743 h:
519 2708 696 2752 Liutgeri‚
717 2708 768 2742 Z:
793 2707 969 2753 Luitgeri,
995 2707 1060 2743 Rr.
1080 2707 1247 2753 Ludgeri.
1278 2730 1318 2734 —
1345 2711 1520 2755 voperata
1545 2709 1582 2745 J.
1608 2709 1657 2745 K.
1690 2710 1729 2746 V.
1759 2710 1808 2747 X.

260 2766 304 2802 Z.
330 2785 374 2792 -
399 2773 423 2792 W
446 2767 524 2802 hier
549 2767 651 2802 endet
676 2767 725 2803 K.

402 2898 438 2941 1)
463 2895 550 2934 vita
575 2897 622 2933 11.
647 2897 744 2935 Emi.
