1864 3213
243 102 298 144 38
644 97 820 140 Altfridi
851 97 938 140 vita
969 110 1000 141 S.
1031 96 1229 152 Liudgeri
1259 97 1332 139 lib.
1366 97 1398 139 I.

241 219 407 261 chorum
439 217 482 260 in
513 217 660 258 honore
692 203 824 257 sancti
846 214 1069 258 Salvatoris
1081 223 1110 266 ὃ,
1144 215 1307 257 sanctae
1338 215 1418 257 Dei
1448 216 1660 271 genitricis
1682 229 1803 261 sanc-

240 289 354 343 tique
400 287 670 341 apostolorum
712 285 907 340 principis
952 286 1066 327 Petri
1112 286 1198 340 ipse
1245 287 1469 329 construxit
1515 288 1751 330 aecclesiam
1768 290 1797 341 1,

242 360 326 402 eius
359 359 596 413 sepeliretur
629 371 783 411 corpus.
832 357 907 401 Sed
942 370 1033 399 cum
1065 357 1118 399 ad
1150 357 1251 400 hocb
1291 358 1496 412 agendum
1529 360 1714 413 populus,
1747 360 1800 402 il-

240 432 320 474 lius
352 432 492 473 sancta
522 430 699 471 recolens
731 428 890 480 merita,
924 429 1182 471 vehementer
1229 429 1448 480 resisteret,
1496 430 1599 472 inito
1632 430 1800 474 consilio

241 503 294 545 ad
326 501 612 544 monasterium
646 500 695 541 ab
728 512 772 541 eo
810 500 1102 553 compositumc
1133 500 1327 542 vocabulo
1366 500 1716 555 Mimigerneford,
1749 501 1800 544 de

243 587 319 628 quo
349 573 460 615 iamd
492 572 667 613 diximus
686 572 722 622 2,
770 571 1043 624 perduxerunt
1074 571 1179 613 illud
1211 572 1330 625 atque
1361 571 1401 612 in
1436 572 1605 614 ecclesia
1637 573 1801 614 sanctae

241 645 428 688 Mariae3
486 642 745 684 inhumatum
792 642 1063 695 reliquerunt,
1112 642 1236 684 donec
1292 643 1537 685 venerabilis
1591 644 1800 697 episcopus

242 715 459 759 aecclesiae
482 713 793 756 Cadalonensise
810 714 827 737 4
858 713 1166 767 Hildegrimusf
1186 713 1359 765 nomine,
1383 727 1600 769 germanus
1622 715 1804 757 eiusdem

243 788 322 830 viri
354 787 431 828 Dei
463 786 582 839 atque
613 785 664 826 ab
697 797 741 825 eo
780 784 1013 835 eruditusg,
1061 785 1202 839 ageret
1249 797 1340 826 cum
1388 785 1562 839 glorioso
1599 799 1694 840 rege
1727 785 1806 835 Qa-

242 858 374 908 roloh,
420 857 466 898 ut
499 856 583 897 eius
615 854 807 908 imperio,
855 855 979 896 immo
1010 855 1089 896 Dei
1131 855 1295 897 consilio
1341 855 1384 897 in
1429 857 1537 907 loco,
1584 857 1655 898 ubi
1686 856 1802 898 vivus

243 929 350 983 ipsei
382 927 636 975 decreverat,
684 927 869 968 sanctum
918 925 1030 968 illius
1064 927 1302 969 conderetur
1332 939 1475 980 corpus
1507 927 1619 969 extra
1650 927 1804 969 aeccle-

244 1000 348 1043 siam
380 1012 403 1041 a
434 999 549 1052 parte
581 997 809 1048 orientalik,
856 997 902 1038 ut
949 997 1120 1039 iusserat
1165 998 1263 1051 ipse.
1326 998 1419 1039 Non
1456 998 1564 1040 enim
1597 999 1684 1040 erat
1714 1011 1804 1039 um-

245 1084 365 1126 quam
398 1069 664 1120 consentiens,
698 1070 743 1109 ut
775 1068 816 1110 in
849 1068 1044 1111 aecclesia
1075 1081 1147 1110 sua
1183 1071 1415 1126 consecrata
1446 1070 1684 1123 sepeliretur
1717 1082 1804 1111 cor-

244 1156 319 1197 pus
350 1143 572 1199 humanum
588 1141 617 1180 5.
680 1139 908 1181 Defunctus
946 1140 1005 1180 est
1046 1139 1183 1192 itaque
1225 1153 1328 1181 anno
1361 1140 1586 1182 dominicae
1618 1142 1805 1182 incarna-

245 1213 367 1256 tionis
398 1211 735 1266 octingentesimo
768 1223 891 1261 nono,
926 1210 1118 1262 septimal
1162 1211 1371 1252 Kalendas
1409 1211 1578 1264 Aprilis,
1613 1212 1652 1252 et
1684 1212 1805 1253 trice-

247 1286 348 1327 simo
381 1283 558 1326 secundo·
586 1283 650 1323 (116
683 1282 813 1323 sancti
844 1282 906 1323 sui
952 1281 1144 1333 obitusm,
1193 1283 1266 1324 hoc
1315 1283 1376 1324 est
1415 1284 1553 1324 sexton
1598 1282 1807 1325 Kalendas

247 1356 374 1406 Mai0,
407 1354 577 1396 mirifice
609 1353 812 1408 flag-rause
844 1353 887 1394 in
919 1353 1005 1395 loco
1037 1353 1246 1406 praefath
1278 1354 1458 1407 sepultus
1491 1356 1551 1395 est
1568 1355 1596 1396 ⁶.

389 1492 406 1509 a
431 1483 459 1518 S
481 1494 507 1517 s.
534 1484 566 1517 h.
594 1484 642 1517 et.
670 1501 713 1506 —-
750 1482 766 1507 b
793 1481 838 1516 ad
871 1482 936 1516 hoc
960 1482 987 1526 f.
1033 1481 1090 1517 W.
1129 1502 1174 1507 —
1208 1490 1222 1508 0
1260 1484 1503 1517 constructum
1534 1483 1590 1518 W.
1621 1504 1663 1508 —
1690 1483 1707 1509 <1
1731 1483 1806 1518 iam>

249 1543 408 1588 superius
456 1543 514 1578 W.
553 1563 597 1567 —
633 1550 648 1567 θ
674 1541 926 1577 Cadolonensis
973 1541 1034 1583 W;
1072 1541 1328 1577 Cadalanensis
1366 1543 1450 1578 Bon
1460 1557 1468 1584 3
1507 1542 1804 1578 Cathalaunensis

250 1605 335 1639 iiber
361 1604 424 1638 cler
450 1603 547 1637 Zeilc
572 1602 617 1636 L.
657 1622 701 1627 —-
738 1601 753 1627 f
775 1613 865 1637 corr.
890 1603 932 1636 in
968 1601 1194 1645 Hildgrimus
1231 1602 1276 1636 L.
1314 1622 1358 1627 -
1396 1610 1414 1636 g
1450 1613 1498 1637 er.
1535 1602 1579 1636 ab
1606 1614 1645 1636 eo
1680 1602 1732 1636 W.
1761 1622 1805 1626 —

248 1663 268 1689 h
292 1663 423 1697 Kar-olo
460 1663 513 1697 W.
542 1682 584 1686 —
610 1662 620 1687 1
645 1662 720 1706 ipse
758 1673 790 1696 v.
824 1661 881 1697 W.
923 1681 968 1686 —
1005 1661 1024 1686 k
1049 1661 1086 1696 in
1113 1664 1213 1706 parte
1253 1661 1402 1696 orientis
1448 1662 1500 1696 W.
1529 1682 1572 1686 —
1615 1662 1624 1687 1
1651 1662 1803 1706 septimo

249 1723 370 1758 Pertz.
398 1742 441 1746 ——
467 1730 493 1746 111
519 1722 573 1755 sui
600 1721 715 1755 sancti
741 1720 795 1755 ob.
831 1720 891 1762 W;
918 1720 1034 1754 sancti
1052 1719 1107 1754 ob.
1125 1720 1180 1754 sui
1205 1720 1242 1755 S.
1262 1740 1304 1744 -—
1331 1728 1350 1745 11
1374 1720 1436 1755 VI.
1462 1733 1498 1756 u.
1525 1721 1682 1756 clarabcr
1707 1722 1808 1755 sexta

250 1782 284 1816 L
294 1796 303 1823 3
330 1783 430 1815 sexta
455 1781 496 1822 S3
523 1780 606 1815 VII.
631 1779 744 1815 Bozz2.
772 1799 816 1804 —
842 1787 857 1806 0
883 1779 968 1825 May
1002 1779 1056 1814 W.
1082 1799 1125 1803 -—
1151 1787 1169 1812 Ρ
1194 1779 1347 1823 flaglans
1373 1791 1462 1815 corr.
1488 1781 1529 1815 in
1554 1780 1718 1824 fragrans
1751 1780 1805 1816 W.

251 1859 296 1865 -—
321 1849 339 1873 q
363 1840 402 1874 in
426 1839 547 1874 eodem
573 1840 648 1874 loco
681 1839 735 1874 W.

395 1995 429 2040 1)
454 1995 522 2028 Die
551 1993 744 2038 „reliquiae
781 1993 897 2027 sancti
923 1991 1120 2026 Salvatoris
1147 1994 1184 2026 et
1208 1994 1328 2026 sancte
1354 1992 1466 2026 Marie
1492 1994 1529 2027 et
1554 1993 1667 2026 sancti
1693 1992 1810 2034 Petri,

253 2065 341 2100 quae
368 2056 452 2088 sunt
477 2053 670 2087 collocatae
694 2053 733 2086 in
757 2062 850 2096 pago
875 2051 1124 2095 Rigoariorum
1163 2051 1474 2096 (Ripoa1·iorum?),
1513 2052 1549 2085 in
1577 2052 1650 2085 loco
1674 2062 1811 2086 nuncu-

251 2115 360 2159 pante
385 2112 612 2147 uuerithina“
641 2110 781 2146 werden
806 2113 968 2155 genannt
1003 2111 1041 2146 in
1068 2110 1129 2145 der
1153 2110 1322 2145 Urkunde
1354 2122 1423 2145 von
1447 2112 1517 2146 818
1542 2111 1630 2145 Juni
1656 2111 1701 2146 25
1726 2111 1809 2156 (La-

252 2173 425 2208 comblet:
451 2171 494 2207 U.
521 2171 561 2206 B.
587 2170 616 2205 1.
643 2171 708 2212 36;
734 2169 893 2205 Erhard:
918 2170 1006 2214 Reg.
1041 2170 1143 2215 299);
1171 2170 1243 2214 vgl.
1270 2169 1326 2205 die
1352 2170 1458 2211 EinL,
1486 2169 1612 2205 ebenso
1638 2170 1725 2206 iiber
1750 2169 1810 2206 die

252 2232 332 2267 Zeit
357 2231 418 2266 des
441 2231 568 2265 Baues.

393 2291 429 2334 2)
454 2290 538 2334 Vgl.
563 2300 592 2325 c.
617 2290 674 2331 23,
702 2288 736 2324 S.
761 2288 817 2324 28.

394 2350 432 2396 3)
457 2349 531 2384 Auf
553 2348 633 2384 dem
657 2347 780 2382 linken
804 2346 948 2382 Aaufer.

394 2409 432 2455 4)
457 2408 612 2444 Chalons
636 2419 695 2442 sur
719 2407 853 2442 Marnc.

396 2468 432 2513 5)
458 2466 727 2512 Entsprechend
752 2466 821 2501 den
845 2465 1090 2501 Vorschriften
1115 2465 1293 2500 mehrerer
1318 2465 1494 2510 Synodem
1520 2475 1557 2499 so
1583 2463 1644 2499 der
1660 2465 1810 2500 zweiten

255 2538 296 2562 zu
321 2527 440 2571 Braga
465 2527 534 2562 563
559 2525 633 2561 und
658 2525 720 2561 der
743 2537 786 2560 zu
808 2525 961 2560 Auxerre
987 2525 1057 2559 585
1083 2524 1179 2570 (578)
1205 2535 1232 2560 c.
1261 2525 1306 2559 14
1330 2524 1388 2559 bei
1413 2523 1537 2558 Hefele
1563 2523 1811 2568 Concilienge-

254 2586 413 2622 schichte
437 2585 506 2620 III.
534 2585 567 2620 S.
596 2586 640 2620 19
665 2596 698 2619 u.
725 2584 782 2626 45,
809 2583 869 2619 des
906 2583 1110 2628 Capitulars
1148 2593 1227 2617 vom
1263 2582 1296 2618 J.
1334 2584 1403 2618 809
1429 2594 1456 2618 c.
1485 2583 1530 2618 14
1555 2582 1663 2627 (Mon.
1689 2582 1806 2619 Germ.

253 2645 341 2681 hist.
365 2645 477 2690 Legg.
503 2645 532 2680 Ι.
559 2645 653 2690 161).

399 2704 435 2749 6)
460 2704 532 2738 Der
557 2702 766 2747 dreissigste
804 2701 882 2745 Tag
914 2712 985 2736 war
1011 2700 1071 2735 der
1103 2700 1346 2745 gewohnliche
1373 2700 1517 2736 Termin
1541 2699 1600 2735 fiir
1623 2700 1680 2735 die
1705 2700 1812 2736 seier-

255 2763 350 2799 liche
374 2763 606 2807 Bestattung.
