1864 3213
255 150 313 192 64
695 148 795 190 vita
831 160 910 191 sec.
943 161 974 190 s.
1007 138 1204 202 Liudgeri
1235 148 1306 190 lib.
1340 148 1372 190 1.

255 267 572 310 contristabatur
602 266 673 308 ille
704 266 782 307 Dei
812 278 859 308 ac
891 266 1062 319 proximi
1093 265 1309 307 dilectione
1340 265 1495 318 plenus,
1529 266 1594 308 vel
1626 266 1721 321 quia
1752 279 1817 309 sa-

255 338 321 380 lus
354 350 489 380 eorum
524 337 766 388 differretur,
809 336 874 378 vel
907 337 1013 391 quod
1045 337 1096 378 ab
1129 336 1215 378 illis
1246 337 1412 390 peccata
1444 338 1580 379 nostra
1611 337 1817 390 punienda

255 408 462 463 prescivit.
526 408 570 450 Si
601 408 764 462 quidem
798 407 894 449 dum
939 407 1118 449 nondum
1166 407 1524 450 Nordmannorum
1570 408 1679 450 ullus
1711 409 1820 451 esset

257 480 404 530 metus,
439 479 572 521 dicere
605 492 694 532 sepe
736 478 890 520 solebat
938 478 1237 521 devastationes
1282 479 1323 519 et
1369 477 1566 530 miserias,
1615 491 1716 533 quae
1746 492 1817 533 per

257 550 420 592 illorum
453 563 617 591 manum
649 550 914 603 perpetranda
949 550 1094 592 essent.
1137 560 1270 595 Vidit
1312 549 1448 600 etiam,
1492 560 1590 595 dum
1615 571 1632 595 e
1646 562 1740 595 sset
1756 571 1818 596 se-

258 631 308 654 011
319 632 334 654 s
359 631 394 655 m
405 631 424 654 a
437 632 453 654 r
464 631 481 655 e
506 620 552 654 in
578 620 621 654 lo
633 631 678 654 co
689 628 704 645 a
729 622 932 664 nuncupato
951 620 993 653 W
1004 621 1109 654 eriua
1120 620 1148 661 b,
1185 619 1360 665 quoddam
1387 620 1612 663 somnium,
1636 631 1698 664 per
1724 618 1818 665 quod

256 679 344 714 haec
369 679 463 713 mala.
489 678 670 722 designari
695 680 905 723 intelligens
930 679 1032 714 flevit
1057 679 1259 724 plurimum,
1287 678 1370 713 dum
1395 690 1499 713 mane
1523 679 1819 713 sermocinaretur

259 749 337 773 cum
363 749 507 773 sorore
534 746 629 772 suaC
654 738 794 773 Herib
806 750 852 773 ur
866 749 923 783 ga.
967 738 1034 773 His
1072 739 1147 773 eius
1184 737 1411 783 ploratibusd
1447 739 1639 783 perterrita
1675 738 1821 773 flevit

260 798 389 832 etiam
415 798 514 842 ipsa
540 797 818 843 obsecravitque,
843 800 885 832 ut
912 797 981 832 sibi
1008 799 1136 832 tantae
1162 798 1364 832 0110010100(ὲ
1401 808 1522 832 causas
1556 797 1721 833 ediceret.
1770 796 1821 831 Et

259 869 346 903 ille
372 868 483 903 dixit:
535 857 734 912 ‚Cogitavi
766 858 806 899 in
839 859 914 900 hoc
943 859 1030 900 loco
1052 858 1339 900 monasterium
1369 858 1612 908 construere,
1645 857 1715 899 sed
1745 857 1821 899 hoc

261 929 482 971 secundum
514 929 766 971 voluntatem
800 942 931 971 meam
963 942 1216 983 nequaquam
1240 930 1449 982 provenire
1479 929 1628 983 poterit
1646 930 1674 980 1,
1737 938 1820 984 quia

260 1001 404 1044 propter
429 1010 451 1044 p
462 1010 479 1033 0
491 1010 533 1033 00
544 1001 613 1033 ata
638 1002 760 1034 nostra
787 999 808 1033 d
820 999 911 1034 0100
926 1002 942 1034 0
953 1010 973 1034 a
984 999 1006 1033 b
1018 999 1102 1033 ilis
1128 999 1215 1033 haec
1239 999 1339 1043 regio
1377 998 1532 1034 solitudo
1559 999 1651 1033 erit‘.
1689 998 1821 1033 Narra-

262 1070 397 1115 vitque,
417 1071 501 1115 quia
527 1070 602 1104 vid
614 1071 684 1105 erit
708 1070 747 1105 in
765 1082 780 1105 s
793 1082 811 1105 ο
822 1082 856 1104 m
868 1082 890 1104 11
903 1070 934 1105 is
961 1082 983 1115 q
994 1082 1016 1105 u
1030 1082 1050 1104 a
1061 1071 1103 1105 si
1143 1059 1362 1101 HUbeCUlfiS
1398 1059 1537 1113 nigras
1563 1070 1613 1105 ab
1646 1081 1666 1105 a
1678 1069 1774 1115 quil
1785 1079 1823 1103 0—

262 1142 347 1177 nali
380 1153 413 1176 m
424 1142 501 1176 aris
533 1153 555 1186 p
566 1146 657 1176 arte
692 1131 890 1184 paulatim
924 1131 1152 1182 ascendere,
1200 1131 1290 1184 post
1320 1131 1523 1172 modicum
1557 1143 1649 1173 vero
1681 1129 1824 1184 globos

264 1202 482 1244 crebriores
509 1202 634 1257 sequi,
669 1202 812 1244 deinde
829 1213 1018 1247 horribiles
1043 1212 1189 1247 nubium
1216 1213 1326 1247 moles
1351 1213 1486 1258 pariter
1519 1214 1741 1256 emergentes
1766 1221 1824 1246 ra-

262 1272 346 1318 pido
371 1273 507 1316 impetu
533 1272 579 1307 ad
604 1273 740 1307 solem
767 1272 923 1307 tendere.
968 1272 1034 1308 Cui
1070 1272 1154 1306 dum
1189 1271 1441 1317 adpropiarent
1473 1274 1601 1312 motus,
1640 1271 1702 1306 ille
1728 1269 1827 1305 locof

264 1331 398 1376 fugit,
447 1331 555 1367 donec
600 1343 621 1366 a
667 1331 966 1377 subsequentibus
1007 1331 1166 1366 tenebris
1206 1332 1301 1366 caelo
1342 1332 1490 1376 fugatus
1532 1332 1629 1366 ultra
1668 1330 1822 1365 videri

264 1413 350 1437 non
381 1403 549 1447 possit.
567 1392 624 1433 At
645 1393 742 1434 tunc
763 1392 853 1445 polo
875 1392 1046 1434 nubibus
1069 1393 1175 1434 tecto
1198 1393 1360 1434 horrore
1390 1392 1598 1434 inmensae
1616 1391 1822 1445 caliginis,

265 1463 445 1505 universi
475 1463 705 1505 tremebant
736 1463 844 1505 vitae
875 1476 970 1505 suae
1003 1463 1158 1518 singuli
1189 1464 1426 1505 metuentes.
1461 1462 1562 1505 Cum
1594 1461 1823 1505 diutissime

268 1534 341 1577 sub
373 1534 449 1575 hac
480 1534 696 1576 formidine
727 1535 975 1578 habitatores
1007 1536 1138 1577 terrae
1170 1536 1376 1588 paverent,
1407 1556 1450 1580 en
1475 1546 1606 1580 iterum
1632 1545 1677 1579 ab
1703 1545 1826 1578 austro

267 1604 360 1639 radii
386 1604 475 1638 lucis
501 1604 666 1647 emicant,
693 1605 911 1650 exiliensque
938 1605 1008 1639 sol
1033 1605 1262 1640 circumfusas
1280 1604 1404 1649 abegit
1429 1604 1540 1639 nubes
1558 1606 1595 1639 et
1621 1602 1824 1648 regrediens

267 1663 312 1699 ad
337 1664 451 1698 locum
477 1675 578 1698 suum
604 1675 724 1698 omnes
750 1664 986 1700 obscuritates
1012 1665 1094 1699 illas
1121 1666 1205 1699 ante
1231 1675 1267 1699 se
1293 1665 1331 1698 in
1363 1664 1576 1709 aquilonem,
1601 1662 1695 1698 unde
1721 1673 1825 1697 vene-

266 1726 361 1765 rant,
387 1723 536 1768 pepulit.
561 1723 610 1757 Et
635 1723 792 1758 adiecitg
817 1723 955 1759 dicens:
983 1724 1146 1768 ‚Tempus
1172 1724 1334 1758 celeriter
1360 1724 1515 1765 veniet,
1542 1734 1609 1769 quo
1635 1722 1826 1758 latrocinia

268 1785 306 1818 00
330 1782 458 1827 predae
483 1782 843 1817 Nordmannorum
870 1794 932 1817 1100
958 1794 1028 1817 11011
1054 1785 1091 1818 00
1116 1783 1371 1828 subsequentia
1395 1782 1518 1818 bella
1547 1783 1585 1817 in
1602 1783 1658 1817 his
1683 1781 1825 1826 provin-

269 1843 333 1876 ciis
359 1842 535 1886 incipient
559 1841 685 1876 fierih‘.
713 1841 937 1883 ,Utinam‘,
965 1842 1086 1887 inquit
1112 1842 1325 1886 Heriburga,
1353 1842 1420 1884 ,his
1444 1842 1548 1877 malis
1573 1852 1643 1876 non
1669 1840 1825 1886 supervi-

269 1905 374 1936 vam‘.
413 1901 658 1945 ‚Supervives‘,
686 1902 750 1941 ait,
793 1903 841 1942 ,et
878 1901 970 1935 haec
995 1902 1151 1946 pessima
1187 1901 1296 1936 oculis
1321 1902 1395 1935 tuis
1421 1901 1540 1935 visura
1566 1912 1612 1935 es.
1661 1900 1712 1935 At
1735 1899 1826 1934 mihi

271 1961 395 1995 datum
421 1962 486 2000 est,
525 1959 624 1994 nulla
655 1960 780 1994 horum
821 1960 866 1994 in
904 1970 1085 2005 corpore
1126 1961 1349 2005 expectarei3
1388 1959 1448 1994 sed
1486 1959 1694 2005 quandoque
1731 1959 1826 1994 Deus

270 2019 376 2054 iustis
402 2019 457 2053 his
483 2019 764 2063 correptionibus
790 2020 862 2053 suis
896 2020 1002 2053 finem
1028 2021 1148 2064 ponet,
1175 2021 1213 2054 00
1245 2030 1333 2064 quae
1367 2018 1589 2053 Nordmanni
1622 2019 1704 2053 aliis
1736 2018 1826 2054 fece-

271 2079 382 2114 runtk
407 2079 512 2120 mala,
550 2078 786 2113 inferrenturl
812 2079 886 2113 eis‘.
925 2079 1043 2123 Igitur
1082 2078 1251 2124 quamdiu
1289 2079 1363 2123 ipse
1400 2079 1438 2112 in
1476 2089 1617 2123 corpore
1642 2078 1723 2120 fuit,
1750 2079 1826 2112 tam

271 2149 393 2174 secura
418 2149 498 2182 pax
523 2140 612 2179 erat,
649 2139 700 2172 110
737 2138 892 2172 nullus
918 2149 1021 2182 super
1048 2139 1164 2173 tantis
1201 2138 1306 2173 malis
1343 2138 1513 2183 suspicari
1545 2137 1684 2184 aliquid
1708 2139 1828 2183 posset

416 2324 433 2341 a
457 2316 520 2350 illo
545 2317 611 2351 Br.
639 2336 681 2341 ——-
708 2315 724 2341 b
750 2315 892 2350 Werma
917 2316 983 2351 Br.
1011 2336 1055 2341 —
1081 2323 1095 2342 0
1120 2316 1263 2351 nomine
1288 2316 1372 2351 Her.
1398 2317 1465 2352 Br.
1493 2336 1537 2340 —-
1575 2316 1593 2341 d
1617 2314 1828 2360 plorationi-

273 2374 338 2410 bus
362 2375 427 2410 Br.
456 2394 500 2399 --
527 2382 541 2400 e
567 2375 709 2409 tristiae
734 2375 782 2409 D.
813 2394 856 2399 -—
882 2374 896 2400 f
917 2376 1035 2409 motus
1060 2374 1143 2409 ilico
1169 2375 1191 2410 f.
1228 2375 1276 2410 D.
1304 2395 1348 2400 —
1385 2383 1403 2408 g
1428 2374 1569 2409 addidit
1604 2374 1653 2409 D.
1690 2375 1755 2409 Br.
1783 2393 1828 2399 —

273 2434 292 2460 h
316 2434 365 2468 D.
392 2434 456 2468 Br.
484 2445 512 2468 s.
537 2435 578 2468 h:
602 2436 683 2478 post
708 2434 772 2468 1100
799 2434 898 2478 (haec
924 2435 1005 2479 Br.)
1032 2434 1126 2469 iuste
1152 2433 1334 2469 deserente
1352 2445 1416 2469 nos
1433 2434 1507 2469 Deo
1525 2436 1562 2469 et
1588 2434 1683 2468 omni
1708 2434 1827 2468 iocun-

274 2493 391 2527 ditate
418 2493 561 2527 sublata
586 2495 698 2527 terras
724 2493 834 2527 latius
859 2493 1091 2538 occupabunt.
1119 2513 1162 2518 —
1188 2494 1198 2519 i
1223 2505 1314 2530 corr.
1337 2496 1380 2530 in
1396 2495 1555 2539 spectare
1580 2493 1626 2528 H
1631 2507 1644 2538 ;
1669 2495 1830 2539 spectare

274 2553 340 2587 Br.
370 2572 412 2577 --
439 2552 457 2577 k
481 2551 632 2587 fecerint
655 2552 705 2587 D.
731 2552 796 2587 Br.
823 2572 867 2576 —
892 2553 902 2578 1
926 2552 1127 2587 inferentur
1151 2553 1216 2589 Br.

420 2778 455 2823 1)
481 2777 588 2812 Altfr.
615 2789 644 2814 0.
670 2779 714 2813 27
740 2778 929 2820 berichtet,
968 2778 1046 2812 dass
1083 2777 1241 2822 Liudger
1274 2778 1312 2812 in
1335 2776 1493 2812 Wierum
1520 2775 1597 2811 eine
1622 2775 1750 2810 Kirche
1776 2786 1832 2810 er-

276 2836 367 2871 baut
391 2837 492 2879 habe,
519 2836 591 2871 und
616 2848 643 2873 c.
670 2839 715 2873 20
740 2837 820 2872 dass
847 2849 884 2872 er
908 2837 972 2872 auf
994 2839 1129 2872 seinem
1155 2837 1296 2882 Erbgut
1321 2838 1380 2872 ein
1412 2836 1559 2870 Kloster
1583 2834 1675 2870 habe
1700 2833 1830 2870 errich-

276 2897 338 2930 ten
364 2896 510 2938 wollen3
537 2895 624 2930 doch
649 2896 699 2930 ist
723 2907 769 2931 an
794 2896 961 2931 letzterer
987 2896 1099 2931 Stelle
1125 2907 1193 2930 von
1219 2895 1363 2930 Werina
1388 2894 1492 2930 keine
1517 2893 1626 2930 Rede.
