<?xml version="1.0" encoding="UTF-8"?>
<!DOCTYPE html PUBLIC "-//W3C//DTD XHTML 1.0 Transitional//EN"
    "http://www.w3.org/TR/xhtml1/DTD/xhtml1-transitional.dtd">
<html xmlns="http://www.w3.org/1999/xhtml" xml:lang="en" lang="en">
 <head>
  <title>
</title>
<meta http-equiv="Content-Type" content="text/html;charset=utf-8" />
  <meta name='ocr-system' content='tesseract 3.04.00' />
  <meta name='ocr-capabilities' content='ocr_page ocr_carea ocr_par ocr_line ocrx_word'/>
</head>
<body>
  <div class='ocr_page' id='page_1' title='image "./dievitaesanctili00altfuoft_0197.png"; bbox 0 0 1864 3213; ppageno 0'>
   <div class='ocr_carea' id='block_1_1' title="bbox 538 136 1644 209">
    <p class='ocr_par' dir='ltr' id='par_1_1' title="bbox 538 136 1644 209">
     <span class='ocr_line' id='line_1_1' title="bbox 538 136 1644 209; baseline 0 -12"><span class='ocrx_word' id='word_1_1' title='bbox 538 155 636 198; x_wconf 78' lang='lat' dir='ltr'>vita</span> <span class='ocrx_word' id='word_1_2' title='bbox 668 167 745 197; x_wconf 82' lang='lat' dir='ltr'>sec.</span> <span class='ocrx_word' id='word_1_3' title='bbox 779 167 810 196; x_wconf 83' lang='lat' dir='ltr'>s.</span> <span class='ocrx_word' id='word_1_4' title='bbox 843 136 1037 209; x_wconf 63' lang='lat' dir='ltr'>Liudge&#39;ri</span> <span class='ocrx_word' id='word_1_5' title='bbox 1069 154 1140 196; x_wconf 88' lang='lat' dir='ltr'>lib.</span> <span class='ocrx_word' id='word_1_6' title='bbox 1174 155 1205 198; x_wconf 85' lang='grc'>1.</span> <span class='ocrx_word' id='word_1_7' title='bbox 1593 157 1644 197; x_wconf 76' lang='lat'>71</span> 
     </span>
    </p>
   </div>
   <div class='ocr_carea' id='block_1_2' title="bbox 93 273 1650 390">
    <p class='ocr_par' dir='ltr' id='par_1_2' title="bbox 93 273 1650 390">
     <span class='ocr_line' id='line_1_2' title="bbox 235 273 1647 328; baseline -0.004 -9"><span class='ocrx_word' id='word_1_8' title='bbox 235 286 292 320; x_wconf 77' lang='lat'>26.</span> <span class='ocrx_word' id='word_1_9' title='bbox 317 285 387 319; x_wconf 85' lang='lat' dir='ltr'>Per</span> <span class='ocrx_word' id='word_1_10' title='bbox 412 283 608 319; x_wconf 79' lang='lat' dir='ltr'>Frisiam</span> <span class='ocrx_word' id='word_1_11' title='bbox 647 283 841 328; x_wconf 84' lang='lat' dir='ltr'>aliquando</span> <span class='ocrx_word' id='word_1_12' title='bbox 878 283 1161 327; x_wconf 67' lang='lat' dir='ltr'>ewangelizansc</span> <span class='ocrx_word' id='word_1_13' title='bbox 1189 284 1311 318; x_wconf 90' lang='lat' dir='ltr'>venit</span> <span class='ocrx_word' id='word_1_14' title='bbox 1344 282 1389 318; x_wconf 88' lang='lat' dir='ltr'>ad</span> <span class='ocrx_word' id='word_1_15' title='bbox 1444 273 1647 326; x_wconf 81' lang='lat' dir='ltr'>Oppidum,</span> 
     </span>
     <span class='ocr_line' id='line_1_3' title="bbox 93 342 1650 390; baseline -0.002 -10"><span class='ocrx_word' id='word_1_16' title='bbox 93 344 182 390; x_wconf 83' lang='lat' dir='ltr'>quod</span> <span class='ocrx_word' id='word_1_17' title='bbox 222 344 402 379; x_wconf 87' lang='lat' dir='ltr'>dicitur</span> <span class='ocrx_word' id='word_1_18' title='bbox 436 343 600 378; x_wconf 80' lang='lat' dir='ltr'>Hlerid</span> <span class='ocrx_word' id='word_1_19' title='bbox 638 343 772 377; x_wconf 86' lang='lat' dir='ltr'>iuxta</span> <span class='ocrx_word' id='word_1_20' title='bbox 798 342 1005 378; x_wconf 83' lang='lat' dir='ltr'>fluvium</span> <span class='ocrx_word' id='word_1_21' title='bbox 1030 342 1202 378; x_wconf 78' lang='lat' dir='ltr'>Ladhae.</span> <span class='ocrx_word' id='word_1_22' title='bbox 1242 342 1339 377; x_wconf 87' lang='lat' dir='ltr'>Tunc</span> <span class='ocrx_word' id='word_1_23' title='bbox 1377 345 1517 377; x_wconf 85' lang='lat' dir='ltr'>vocatos</span> <span class='ocrx_word' id='word_1_24' title='bbox 1543 342 1650 377; x_wconf 72' lang='lat' dir='ltr'>adse</span> 
     </span>
    </p>
   </div>
   <div class='ocr_carea' id='block_1_3' title="bbox 90 404 1651 662">
    <p class='ocr_par' dir='ltr' id='par_1_3' title="bbox 90 404 1651 662">
     <span class='ocr_line' id='line_1_4' title="bbox 91 404 1650 460; baseline -0.002 -10"><span class='ocrx_word' id='word_1_25' title='bbox 91 416 178 450; x_wconf 89' lang='lat' dir='ltr'>loci</span> <span class='ocrx_word' id='word_1_26' title='bbox 204 415 339 450; x_wconf 87' lang='lat' dir='ltr'>illius</span> <span class='ocrx_word' id='word_1_27' title='bbox 375 416 639 460; x_wconf 77' lang='lat' dir='ltr'>piscatores</span> <span class='ocrx_word' id='word_1_28' title='bbox 666 414 820 457; x_wconf 88' lang='lat' dir='ltr'>rogavit,</span> <span class='ocrx_word' id='word_1_29' title='bbox 847 416 898 448; x_wconf 93' lang='lat' dir='ltr'>ut</span> <span class='ocrx_word' id='word_1_30' title='bbox 935 414 1138 459; x_wconf 83' lang='lat' dir='ltr'>aliquem</span> <span class='ocrx_word' id='word_1_31' title='bbox 1177 414 1431 448; x_wconf 87' lang='lat' dir='ltr'>sturionem</span> <span class='ocrx_word' id='word_1_32' title='bbox 1487 404 1650 456; x_wconf 68' lang='lat' dir='ltr'>prOptel‘</span> 
     </span>
     <span class='ocr_line' id='line_1_5' title="bbox 91 472 1649 529; baseline -0.003 -12"><span class='ocrx_word' id='word_1_33' title='bbox 91 475 282 529; x_wconf 77' lang='lat' dir='ltr'>hospites,</span> <span class='ocrx_word' id='word_1_34' title='bbox 313 488 383 528; x_wconf 82' lang='lat' dir='ltr'>qul</span> <span class='ocrx_word' id='word_1_35' title='bbox 429 487 520 516; x_wconf 78' lang='lat' dir='ltr'>OUm</span> <span class='ocrx_word' id='word_1_36' title='bbox 566 474 893 528; x_wconf 45' lang='lat' dir='ltr'>frequentabant,</span> <span class='ocrx_word' id='word_1_37' title='bbox 927 487 1117 519; x_wconf 73' lang='lat' dir='ltr'>tentarent</span> <span class='ocrx_word' id='word_1_38' title='bbox 1135 495 1152 519; x_wconf 85' lang='lat' dir='ltr'>c</span> <span class='ocrx_word' id='word_1_39' title='bbox 1163 495 1181 519; x_wconf 92' lang='lat'>0</span> <span class='ocrx_word' id='word_1_40' title='bbox 1191 496 1224 518; x_wconf 82' lang='lat' dir='ltr'>m</span> <span class='ocrx_word' id='word_1_41' title='bbox 1232 496 1254 529; x_wconf 84' lang='lat' dir='ltr'>p</span> <span class='ocrx_word' id='word_1_42' title='bbox 1264 496 1281 519; x_wconf 76' lang='lat'>2·</span> <span class='ocrx_word' id='word_1_43' title='bbox 1291 495 1308 519; x_wconf 80' lang='lat' dir='ltr'>e</span> <span class='ocrx_word' id='word_1_44' title='bbox 1318 485 1342 518; x_wconf 90' lang='lat' dir='ltr'>h</span> <span class='ocrx_word' id='word_1_45' title='bbox 1353 495 1370 518; x_wconf 80' lang='lat' dir='ltr'>e</span> <span class='ocrx_word' id='word_1_46' title='bbox 1383 496 1404 518; x_wconf 89' lang='lat' dir='ltr'>n</span> <span class='ocrx_word' id='word_1_47' title='bbox 1415 483 1437 518; x_wconf 85' lang='lat' dir='ltr'>d</span> <span class='ocrx_word' id='word_1_48' title='bbox 1447 495 1464 518; x_wconf 81' lang='lat' dir='ltr'>e</span> <span class='ocrx_word' id='word_1_49' title='bbox 1473 496 1488 518; x_wconf 87' lang='lat' dir='ltr'>r</span> <span class='ocrx_word' id='word_1_50' title='bbox 1498 495 1515 518; x_wconf 82' lang='lat' dir='ltr'>e</span> <span class='ocrx_word' id='word_1_51' title='bbox 1524 492 1556 525; x_wconf 69' lang='lat'>33</span> <span class='ocrx_word' id='word_1_52' title='bbox 1590 472 1649 514; x_wconf 82' lang='lat' dir='ltr'>lta</span> 
     </span>
     <span class='ocr_line' id='line_1_6' title="bbox 92 544 1651 599; baseline 0.001 -11"><span class='ocrx_word' id='word_1_53' title='bbox 92 546 198 588; x_wconf 86' lang='lat' dir='ltr'>enim</span> <span class='ocrx_word' id='word_1_54' title='bbox 208 547 228 572; x_wconf 82' lang='lat'>¹1</span> <span class='ocrx_word' id='word_1_55' title='bbox 258 545 498 587; x_wconf 71' lang='lat' dir='ltr'>Thiudiseai</span> <span class='ocrx_word' id='word_1_56' title='bbox 529 545 670 599; x_wconf 83' lang='lat' dir='ltr'>lingua</span> <span class='ocrx_word' id='word_1_57' title='bbox 702 544 768 586; x_wconf 86' lang='lat' dir='ltr'>hic</span> <span class='ocrx_word' id='word_1_58' title='bbox 799 545 921 598; x_wconf 87' lang='lat' dir='ltr'>piscis</span> <span class='ocrx_word' id='word_1_59' title='bbox 965 546 1126 587; x_wconf 80' lang='lat' dir='ltr'>vocatur</span> <span class='ocrx_word' id='word_1_60' title='bbox 1137 546 1167 588; x_wconf 73' lang='lat' dir='ltr'>k,</span> <span class='ocrx_word' id='word_1_61' title='bbox 1229 556 1297 598; x_wconf 84' lang='lat' dir='ltr'>Qui</span> <span class='ocrx_word' id='word_1_62' title='bbox 1334 556 1468 596; x_wconf 77' lang='lat' dir='ltr'>mirati,</span> <span class='ocrx_word' id='word_1_63' title='bbox 1500 566 1561 590; x_wconf 86' lang='lat' dir='ltr'>cur</span> <span class='ocrx_word' id='word_1_64' title='bbox 1585 555 1651 589; x_wconf 86' lang='lat' dir='ltr'>hoc</span> 
     </span>
     <span class='ocr_line' id='line_1_7' title="bbox 90 613 1651 662; baseline -0.003 -11"><span class='ocrx_word' id='word_1_65' title='bbox 90 616 251 662; x_wconf 75' lang='lat' dir='ltr'>petierit,</span> <span class='ocrx_word' id='word_1_66' title='bbox 278 615 536 661; x_wconf 83' lang='lat' dir='ltr'>responderunt</span> <span class='ocrx_word' id='word_1_67' title='bbox 548 616 570 657; x_wconf 75' lang='lat' dir='ltr'>i,</span> <span class='ocrx_word' id='word_1_68' title='bbox 597 617 613 650; x_wconf 91' lang='lat' dir='ltr'>t</span> <span class='ocrx_word' id='word_1_69' title='bbox 624 627 641 650; x_wconf 91' lang='lat' dir='ltr'>e</span> <span class='ocrx_word' id='word_1_70' title='bbox 652 626 685 649; x_wconf 85' lang='lat' dir='ltr'>m</span> <span class='ocrx_word' id='word_1_71' title='bbox 697 626 718 659; x_wconf 93' lang='lat' dir='ltr'>p</span> <span class='ocrx_word' id='word_1_72' title='bbox 728 626 750 649; x_wconf 92' lang='lat' dir='ltr'>u</span> <span class='ocrx_word' id='word_1_73' title='bbox 761 626 777 649; x_wconf 89' lang='lat' dir='ltr'>s</span> <span class='ocrx_word' id='word_1_74' title='bbox 803 615 1050 660; x_wconf 83' lang='lat' dir='ltr'>capiendorum</span> <span class='ocrx_word' id='word_1_75' title='bbox 1077 615 1274 650; x_wconf 87' lang='lat' dir='ltr'>huiusmodi</span> <span class='ocrx_word' id='word_1_76' title='bbox 1301 626 1323 660; x_wconf 92' lang='lat' dir='ltr'>p</span> <span class='ocrx_word' id='word_1_77' title='bbox 1336 616 1372 649; x_wconf 90' lang='lat' dir='ltr'>is</span> <span class='ocrx_word' id='word_1_78' title='bbox 1381 616 1471 649; x_wconf 86' lang='lat' dir='ltr'>cium</span> <span class='ocrx_word' id='word_1_79' title='bbox 1491 615 1560 649; x_wconf 86' lang='lat' dir='ltr'>iam</span> <span class='ocrx_word' id='word_1_80' title='bbox 1587 613 1651 648; x_wconf 89' lang='lat' dir='ltr'>du-</span> 
     </span>
    </p>
   </div>
   <div class='ocr_carea' id='block_1_4' title="bbox 92 675 1648 733">
    <p class='ocr_par' dir='ltr' id='par_1_4' title="bbox 92 675 1648 733">
     <span class='ocr_line' id='line_1_8' title="bbox 92 675 1648 733; baseline -0.003 -10"><span class='ocrx_word' id='word_1_81' title='bbox 92 687 175 723; x_wconf 87' lang='lat' dir='ltr'>dum</span> <span class='ocrx_word' id='word_1_82' title='bbox 200 688 459 733; x_wconf 80' lang='lat' dir='ltr'>preteriissc,</span> <span class='ocrx_word' id='word_1_83' title='bbox 487 689 524 722; x_wconf 85' lang='lat' dir='ltr'>et</span> <span class='ocrx_word' id='word_1_84' title='bbox 550 687 632 732; x_wconf 83' lang='lat' dir='ltr'>quia</span> <span class='ocrx_word' id='word_1_85' title='bbox 659 687 966 732; x_wconf 74' lang='lat' dir='ltr'>appropinquante</span> <span class='ocrx_word' id='word_1_86' title='bbox 992 687 1090 721; x_wconf 80' lang='lat' dir='ltr'>iamk</span> <span class='ocrx_word' id='word_1_87' title='bbox 1115 688 1262 722; x_wconf 86' lang='lat' dir='ltr'>hieme</span> <span class='ocrx_word' id='word_1_88' title='bbox 1284 676 1420 716; x_wconf 78' lang='lat' dir='ltr'>UUUUS</span> <span class='ocrx_word' id='word_1_89' title='bbox 1452 675 1524 716; x_wconf 82' lang='lat' dir='ltr'>hOC</span> <span class='ocrx_word' id='word_1_90' title='bbox 1545 675 1648 716; x_wconf 63' lang='lat' dir='ltr'>tem-</span> 
     </span>
    </p>
   </div>
   <div class='ocr_carea' id='block_1_5' title="bbox 64 747 1649 981">
    <p class='ocr_par' dir='ltr' id='par_1_5' title="bbox 64 747 1649 981">
     <span class='ocr_line' id='line_1_9' title="bbox 92 747 1649 802; baseline 0 -12"><span class='ocrx_word' id='word_1_91' title='bbox 92 761 185 802; x_wconf 87' lang='lat' dir='ltr'>pore</span> <span class='ocrx_word' id='word_1_92' title='bbox 217 761 407 802; x_wconf 87' lang='lat' dir='ltr'>umquam</span> <span class='ocrx_word' id='word_1_93' title='bbox 441 747 617 789; x_wconf 85' lang='lat' dir='ltr'>audierit</span> <span class='ocrx_word' id='word_1_94' title='bbox 647 747 797 800; x_wconf 83' lang='lat' dir='ltr'>piscem</span> <span class='ocrx_word' id='word_1_95' title='bbox 830 747 1058 789; x_wconf 79' lang='lat' dir='ltr'>huiusmodi</span> <span class='ocrx_word' id='word_1_96' title='bbox 1091 748 1266 800; x_wconf 88' lang='lat' dir='ltr'>captum.</span> <span class='ocrx_word' id='word_1_97' title='bbox 1322 757 1557 791; x_wconf 77' lang='lat' dir='ltr'>Tamenlait</span> <span class='ocrx_word' id='word_1_98' title='bbox 1578 766 1649 790; x_wconf 91' lang='lat' dir='ltr'>non</span> 
     </span>
     <span class='ocr_line' id='line_1_10' title="bbox 64 806 1649 862; baseline -0.002 -10"><span class='ocrx_word' id='word_1_99' title='bbox 64 806 309 860; x_wconf 37' lang='lat' dir='ltr'>&#39;diffidentes</span> <span class='ocrx_word' id='word_1_100' title='bbox 336 820 518 862; x_wconf 85' lang='lat' dir='ltr'>capturam</span> <span class='ocrx_word' id='word_1_101' title='bbox 552 817 641 851; x_wconf 83' lang='lat' dir='ltr'>hanc</span> <span class='ocrx_word' id='word_1_102' title='bbox 666 818 850 861; x_wconf 88' lang='lat' dir='ltr'>provenire</span> <span class='ocrx_word' id='word_1_103' title='bbox 887 828 998 861; x_wconf 71' lang='lat' dir='ltr'>posse,</span> <span class='ocrx_word' id='word_1_104' title='bbox 1035 828 1112 851; x_wconf 90' lang='grc'><strong>011111</strong></span> <span class='ocrx_word' id='word_1_105' title='bbox 1149 817 1244 851; x_wconf 85' lang='lat' dir='ltr'>Deus</span> <span class='ocrx_word' id='word_1_106' title='bbox 1281 817 1504 862; x_wconf 70' lang='lat' dir='ltr'>ommipotens</span> <span class='ocrx_word' id='word_1_107' title='bbox 1530 816 1649 850; x_wconf 89' lang='lat' dir='ltr'>omni</span> 
     </span>
     <span class='ocr_line' id='line_1_11' title="bbox 93 875 1649 921; baseline -0.001 -10"><span class='ocrx_word' id='word_1_108' title='bbox 93 877 211 912; x_wconf 88' lang='lat' dir='ltr'>valeat</span> <span class='ocrx_word' id='word_1_109' title='bbox 237 879 439 921; x_wconf 87' lang='lat' dir='ltr'>tempore</span> <span class='ocrx_word' id='word_1_110' title='bbox 466 876 632 921; x_wconf 87' lang='lat' dir='ltr'>praebere</span> <span class='ocrx_word' id='word_1_111' title='bbox 659 877 854 910; x_wconf 84' lang='lat' dir='ltr'>necessaria</span> <span class='ocrx_word' id='word_1_112' title='bbox 880 877 1031 910; x_wconf 89' lang='lat' dir='ltr'>servis</span> <span class='ocrx_word' id='word_1_113' title='bbox 1057 877 1161 911; x_wconf 88' lang='lat' dir='ltr'>suis.</span> <span class='ocrx_word' id='word_1_114' title='bbox 1203 876 1337 910; x_wconf 83' lang='lat' dir='ltr'>Euntes</span> <span class='ocrx_word' id='word_1_115' title='bbox 1375 886 1459 918; x_wconf 83' lang='lat' dir='ltr'>ergo</span> <span class='ocrx_word' id='word_1_116' title='bbox 1498 875 1649 910; x_wconf 85' lang='lat' dir='ltr'>coacti</span> 
     </span>
     <span class='ocr_line' id='line_1_12' title="bbox 92 935 1649 981; baseline -0.001 -11"><span class='ocrx_word' id='word_1_117' title='bbox 92 936 303 980; x_wconf 80' lang='lat' dir='ltr'>precibus</span> <span class='ocrx_word' id='word_1_118' title='bbox 329 936 404 970; x_wconf 87' lang='lat' dir='ltr'>eius</span> <span class='ocrx_word' id='word_1_119' title='bbox 429 936 537 970; x_wconf 88' lang='lat' dir='ltr'>retia</span> <span class='ocrx_word' id='word_1_120' title='bbox 562 935 670 969; x_wconf 90' lang='lat' dir='ltr'>fluvio</span> <span class='ocrx_word' id='word_1_121' title='bbox 697 936 934 970; x_wconf 84' lang='lat' dir='ltr'>immiserunt.</span> <span class='ocrx_word' id='word_1_122' title='bbox 972 936 1214 981; x_wconf 82' lang='lat' dir='ltr'>Suspicientes</span> <span class='ocrx_word' id='word_1_123' title='bbox 1251 938 1369 969; x_wconf 87' lang='lat' dir='ltr'>autem</span> <span class='ocrx_word' id='word_1_124' title='bbox 1405 936 1442 969; x_wconf 93' lang='lat' dir='ltr'>in</span> <span class='ocrx_word' id='word_1_125' title='bbox 1470 945 1551 969; x_wconf 89' lang='lat' dir='ltr'>aera</span> <span class='ocrx_word' id='word_1_126' title='bbox 1577 945 1649 968; x_wconf 84' lang='lat' dir='ltr'>cer-</span> 
     </span>
    </p>
   </div>
   <div class='ocr_carea' id='block_1_6' title="bbox 91 996 1650 1050">
    <p class='ocr_par' dir='ltr' id='par_1_6' title="bbox 91 996 1650 1050">
     <span class='ocr_line' id='line_1_13' title="bbox 91 996 1650 1050; baseline 0.002 -13"><span class='ocrx_word' id='word_1_127' title='bbox 91 1009 184 1041; x_wconf 73' lang='lat' dir='ltr'>nunt</span> <span class='ocrx_word' id='word_1_128' title='bbox 232 997 394 1038; x_wconf 90' lang='lat' dir='ltr'>tenuem</span> <span class='ocrx_word' id='word_1_129' title='bbox 427 996 478 1037; x_wconf 84' lang='lat' dir='ltr'>ad</span> <span class='ocrx_word' id='word_1_130' title='bbox 511 1009 552 1037; x_wconf 89' lang='lat' dir='ltr'>se</span> <span class='ocrx_word' id='word_1_131' title='bbox 584 996 730 1037; x_wconf 84' lang='lat' dir='ltr'>nubem</span> <span class='ocrx_word' id='word_1_132' title='bbox 752 1008 963 1049; x_wconf 84' lang='lat' dir='ltr'>properare</span> <span class='ocrx_word' id='word_1_133' title='bbox 986 996 1240 1050; x_wconf 81' lang='lat' dir='ltr'>vicinamque</span> <span class='ocrx_word' id='word_1_134' title='bbox 1272 1006 1487 1050; x_wconf 78' lang='lat' dir='ltr'>diligentius</span> <span class='ocrx_word' id='word_1_135' title='bbox 1508 1007 1650 1041; x_wconf 80' lang='lat' dir='ltr'>intuen-</span> 
     </span>
    </p>
   </div>
   <div class='ocr_carea' id='block_1_7' title="bbox 90 1067 1649 1181">
    <p class='ocr_par' dir='ltr' id='par_1_7' title="bbox 90 1067 1649 1181">
     <span class='ocr_line' id='line_1_14' title="bbox 91 1067 1649 1122; baseline -0.001 -10"><span class='ocrx_word' id='word_1_136' title='bbox 91 1079 145 1112; x_wconf 87' lang='lat' dir='ltr'>tes</span> <span class='ocrx_word' id='word_1_137' title='bbox 171 1077 295 1112; x_wconf 89' lang='lat' dir='ltr'>vident</span> <span class='ocrx_word' id='word_1_138' title='bbox 322 1078 482 1121; x_wconf 80' lang='lat' dir='ltr'>ingentis</span> <span class='ocrx_word' id='word_1_139' title='bbox 507 1077 608 1112; x_wconf 88' lang='lat' dir='ltr'>alitis</span> <span class='ocrx_word' id='word_1_140' title='bbox 642 1078 792 1121; x_wconf 86' lang='lat' dir='ltr'>speciem</span> <span class='ocrx_word' id='word_1_141' title='bbox 823 1068 928 1108; x_wconf 73' lang='lat' dir='ltr'>D‘Ube</span> <span class='ocrx_word' id='word_1_142' title='bbox 960 1067 1057 1108; x_wconf 73' lang='lat' dir='ltr'>fffl&#39;l&#39;i</span> <span class='ocrx_word' id='word_1_143' title='bbox 1103 1078 1196 1117; x_wconf 89' lang='lat' dir='ltr'>sive,</span> <span class='ocrx_word' id='word_1_144' title='bbox 1234 1080 1276 1111; x_wconf 88' lang='lat' dir='ltr'>ut</span> <span class='ocrx_word' id='word_1_145' title='bbox 1313 1078 1488 1122; x_wconf 89' lang='lat' dir='ltr'>plerisque</span> <span class='ocrx_word' id='word_1_146' title='bbox 1529 1088 1649 1111; x_wconf 87' lang='lat' dir='ltr'>eorum</span> 
     </span>
     <span class='ocr_line' id='line_1_15' title="bbox 90 1136 1648 1181; baseline 0 -11"><span class='ocrx_word' id='word_1_147' title='bbox 90 1137 204 1171; x_wconf 86' lang='lat' dir='ltr'>visum</span> <span class='ocrx_word' id='word_1_148' title='bbox 231 1138 296 1178; x_wconf 89' lang='lat' dir='ltr'>est,</span> <span class='ocrx_word' id='word_1_149' title='bbox 324 1136 481 1171; x_wconf 87' lang='lat' dir='ltr'>eiusdem</span> <span class='ocrx_word' id='word_1_150' title='bbox 506 1137 662 1181; x_wconf 86' lang='lat' dir='ltr'>piscis,</span> <span class='ocrx_word' id='word_1_151' title='bbox 689 1147 791 1181; x_wconf 82' lang='lat' dir='ltr'>quem</span> <span class='ocrx_word' id='word_1_152' title='bbox 818 1136 998 1174; x_wconf 81' lang='lat' dir='ltr'>volebant.</span> <span class='ocrx_word' id='word_1_153' title='bbox 1025 1137 1229 1180; x_wconf 81' lang='lat' dir='ltr'>imaginem.</span> <span class='ocrx_word' id='word_1_154' title='bbox 1258 1137 1387 1171; x_wconf 81' lang='lat' dir='ltr'>Turnm</span> <span class='ocrx_word' id='word_1_155' title='bbox 1413 1137 1532 1171; x_wconf 89' lang='lat' dir='ltr'>subito</span> <span class='ocrx_word' id='word_1_156' title='bbox 1552 1137 1648 1170; x_wconf 87' lang='lat' dir='ltr'>inter</span> 
     </span>
    </p>
   </div>
   <div class='ocr_carea' id='block_1_8' title="bbox 90 1197 1648 1321">
    <p class='ocr_par' dir='ltr' id='par_1_8' title="bbox 90 1197 1648 1321">
     <span class='ocr_line' id='line_1_16' title="bbox 90 1197 1648 1252; baseline -0.003 -11"><span class='ocrx_word' id='word_1_157' title='bbox 90 1207 430 1242; x_wconf 81' lang='lat' dir='ltr'>sermocinantiumn</span> <span class='ocrx_word' id='word_1_158' title='bbox 457 1206 563 1241; x_wconf 82' lang='lat' dir='ltr'>verba</span> <span class='ocrx_word' id='word_1_159' title='bbox 593 1208 689 1241; x_wconf 86' lang='lat' dir='ltr'>avis</span> <span class='ocrx_word' id='word_1_160' title='bbox 715 1208 812 1241; x_wconf 85' lang='lat' dir='ltr'>sive</span> <span class='ocrx_word' id='word_1_161' title='bbox 834 1208 982 1252; x_wconf 87' lang='lat' dir='ltr'>piscis</span> <span class='ocrx_word' id='word_1_162' title='bbox 1008 1207 1120 1241; x_wconf 87' lang='lat' dir='ltr'>forma</span> <span class='ocrx_word' id='word_1_163' title='bbox 1145 1218 1162 1241; x_wconf 88' lang='lat' dir='ltr'>e</span> <span class='ocrx_word' id='word_1_164' title='bbox 1226 1198 1330 1239; x_wconf 82' lang='lat' dir='ltr'>nube</span> <span class='ocrx_word' id='word_1_165' title='bbox 1377 1197 1504 1250; x_wconf 76' lang='lat' dir='ltr'>lapsa,</span> <span class='ocrx_word' id='word_1_166' title='bbox 1562 1198 1648 1237; x_wconf 75' lang='lat' dir='ltr'>tam</span> 
     </span>
     <span class='ocr_line' id='line_1_17' title="bbox 91 1267 1646 1321; baseline -0.001 -11"><span class='ocrx_word' id='word_1_167' title='bbox 91 1267 226 1310; x_wconf 84' lang='lat' dir='ltr'>valide</span> <span class='ocrx_word' id='word_1_168' title='bbox 252 1279 300 1312; x_wconf 85' lang='lat' dir='ltr'>in</span> <span class='ocrx_word' id='word_1_169' title='bbox 327 1278 475 1312; x_wconf 85' lang='lat' dir='ltr'>fluvium</span> <span class='ocrx_word' id='word_1_170' title='bbox 511 1278 724 1319; x_wconf 71' lang='lat' dir='ltr'>occidito,</span> <span class='ocrx_word' id='word_1_171' title='bbox 756 1270 802 1308; x_wconf 84' lang='lat' dir='ltr'>ut</span> <span class='ocrx_word' id='word_1_172' title='bbox 849 1268 1056 1321; x_wconf 87' lang='lat' dir='ltr'>utriusque</span> <span class='ocrx_word' id='word_1_173' title='bbox 1103 1268 1310 1309; x_wconf 73' lang='lat' dir='ltr'>littoribus</span> <span class='ocrx_word' id='word_1_174' title='bbox 1356 1268 1455 1309; x_wconf 87' lang='lat' dir='ltr'>moti</span> <span class='ocrx_word' id='word_1_175' title='bbox 1502 1267 1646 1309; x_wconf 82' lang='lat' dir='ltr'>fluctus</span> 
     </span>
    </p>
   </div>
   <div class='ocr_carea' id='block_1_9' title="bbox 89 1339 1648 1633">
    <p class='ocr_par' dir='ltr' id='par_1_9' title="bbox 89 1339 1648 1633">
     <span class='ocr_line' id='line_1_18' title="bbox 90 1339 1647 1394; baseline 0.002 -14"><span class='ocrx_word' id='word_1_176' title='bbox 90 1339 359 1382; x_wconf 59' lang='lat' dir='ltr'>illiderentur.</span> <span class='ocrx_word' id='word_1_177' title='bbox 400 1350 472 1383; x_wconf 89' lang='lat' dir='ltr'>Nec</span> <span class='ocrx_word' id='word_1_178' title='bbox 498 1360 594 1383; x_wconf 79' lang='lat' dir='ltr'>mora</span> <span class='ocrx_word' id='word_1_179' title='bbox 620 1350 657 1383; x_wconf 91' lang='lat' dir='ltr'>in</span> <span class='ocrx_word' id='word_1_180' title='bbox 683 1349 814 1389; x_wconf 79' lang='lat' dir='ltr'>eodem,</span> <span class='ocrx_word' id='word_1_181' title='bbox 854 1360 922 1394; x_wconf 84' lang='lat' dir='ltr'>quo</span> <span class='ocrx_word' id='word_1_182' title='bbox 948 1349 1134 1391; x_wconf 77' lang='lat' dir='ltr'>inciderat,</span> <span class='ocrx_word' id='word_1_183' title='bbox 1173 1350 1260 1384; x_wconf 88' lang='grc'><strong>1000</strong></span> <span class='ocrx_word' id='word_1_184' title='bbox 1298 1351 1440 1384; x_wconf 86' lang='lat' dir='ltr'>mirae</span> <span class='ocrx_word' id='word_1_185' title='bbox 1478 1350 1647 1393; x_wconf 81' lang='lat' dir='ltr'>magni-</span> 
     </span>
     <span class='ocr_line' id='line_1_19' title="bbox 91 1408 1648 1455; baseline 0.001 -13"><span class='ocrx_word' id='word_1_186' title='bbox 91 1408 272 1443; x_wconf 86' lang='lat' dir='ltr'>tudinis</span> <span class='ocrx_word' id='word_1_187' title='bbox 298 1410 491 1443; x_wconf 87' lang='lat' dir='ltr'>sturionem</span> <span class='ocrx_word' id='word_1_188' title='bbox 519 1409 924 1453; x_wconf 77' lang='lat' dir='ltr'>comprehendentes</span> <span class='ocrx_word' id='word_1_189' title='bbox 951 1410 1110 1455; x_wconf 81' lang='lat' dir='ltr'>episcopo</span> <span class='ocrx_word' id='word_1_190' title='bbox 1137 1409 1408 1444; x_wconf 87' lang='lat' dir='ltr'>obtulerunt.</span> <span class='ocrx_word' id='word_1_191' title='bbox 1448 1409 1648 1444; x_wconf 78' lang='lat' dir='ltr'>Referenti-</span> 
     </span>
     <span class='ocr_line' id='line_1_20' title="bbox 89 1468 1647 1514; baseline -0.001 -11"><span class='ocrx_word' id='word_1_192' title='bbox 89 1468 155 1503; x_wconf 87' lang='lat' dir='ltr'>bus</span> <span class='ocrx_word' id='word_1_193' title='bbox 180 1471 300 1503; x_wconf 86' lang='lat' dir='ltr'>autem</span> <span class='ocrx_word' id='word_1_194' title='bbox 325 1469 375 1503; x_wconf 90' lang='lat' dir='ltr'>eis</span> <span class='ocrx_word' id='word_1_195' title='bbox 401 1471 542 1512; x_wconf 80' lang='lat' dir='ltr'>gestum</span> <span class='ocrx_word' id='word_1_196' title='bbox 569 1468 750 1504; x_wconf 86' lang='lat' dir='ltr'>mirabile:</span> <span class='ocrx_word' id='word_1_197' title='bbox 779 1468 918 1507; x_wconf 80' lang='lat' dir='ltr'>,Videte</span> <span class='ocrx_word' id='word_1_198' title='bbox 937 1471 974 1503; x_wconf 86' lang='lat' dir='ltr'>et</span> <span class='ocrx_word' id='word_1_199' title='bbox 999 1472 1147 1511; x_wconf 82' lang='lat' dir='ltr'>cavete‘,</span> <span class='ocrx_word' id='word_1_200' title='bbox 1173 1470 1237 1510; x_wconf 83' lang='lat' dir='ltr'>ait,</span> <span class='ocrx_word' id='word_1_201' title='bbox 1267 1480 1326 1509; x_wconf 78' lang='lat' dir='ltr'>,ne</span> <span class='ocrx_word' id='word_1_202' title='bbox 1353 1469 1433 1502; x_wconf 91' lang='lat' dir='ltr'>hoc</span> <span class='ocrx_word' id='word_1_203' title='bbox 1466 1479 1545 1514; x_wconf 87' lang='lat' dir='ltr'>pro</span> <span class='ocrx_word' id='word_1_204' title='bbox 1581 1468 1647 1502; x_wconf 88' lang='lat' dir='ltr'>ali-</span> 
     </span>
     <span class='ocr_line' id='line_1_21' title="bbox 91 1527 1646 1573; baseline 0 -11"><span class='ocrx_word' id='word_1_205' title='bbox 91 1528 217 1562; x_wconf 88' lang='lat' dir='ltr'>cuius</span> <span class='ocrx_word' id='word_1_206' title='bbox 242 1527 403 1562; x_wconf 85' lang='lat' dir='ltr'>factum</span> <span class='ocrx_word' id='word_1_207' title='bbox 430 1529 687 1563; x_wconf 74' lang='lat' dir='ltr'>sanctitate</span> <span class='ocrx_word' id='word_1_208' title='bbox 715 1528 784 1562; x_wconf 91' lang='lat' dir='ltr'>vel</span> <span class='ocrx_word' id='word_1_209' title='bbox 818 1530 1000 1563; x_wconf 85' lang='lat' dir='ltr'>meritis</span> <span class='ocrx_word' id='word_1_210' title='bbox 1026 1531 1150 1573; x_wconf 72' lang='lat' dir='ltr'>putare</span> <span class='ocrx_word' id='word_1_211' title='bbox 1178 1529 1232 1562; x_wconf 83' lang='lat' dir='ltr'>vel</span> <span class='ocrx_word' id='word_1_212' title='bbox 1258 1539 1444 1563; x_wconf 86' lang='lat' dir='ltr'>narrare</span> <span class='ocrx_word' id='word_1_213' title='bbox 1471 1528 1646 1569; x_wconf 77' lang='lat' dir='ltr'>audeatis,</span> 
     </span>
     <span class='ocr_line' id='line_1_22' title="bbox 90 1586 1542 1633; baseline 0.001 -12"><span class='ocrx_word' id='word_1_214' title='bbox 90 1586 150 1622; x_wconf 79' lang='lat' dir='ltr'>sed</span> <span class='ocrx_word' id='word_1_215' title='bbox 176 1587 357 1621; x_wconf 85' lang='lat' dir='ltr'>laudemus</span> <span class='ocrx_word' id='word_1_216' title='bbox 381 1588 501 1632; x_wconf 90' lang='lat' dir='ltr'>potius</span> <span class='ocrx_word' id='word_1_217' title='bbox 526 1587 727 1622; x_wconf 80' lang='lat' dir='ltr'>bonitatem</span> <span class='ocrx_word' id='word_1_218' title='bbox 754 1588 832 1629; x_wconf 86' lang='lat' dir='ltr'>Dei,</span> <span class='ocrx_word' id='word_1_219' title='bbox 859 1589 930 1633; x_wconf 89' lang='lat' dir='ltr'>qui</span> <span class='ocrx_word' id='word_1_220' title='bbox 957 1588 1032 1622; x_wconf 85' lang='lat' dir='ltr'>dat</span> <span class='ocrx_word' id='word_1_221' title='bbox 1058 1599 1202 1623; x_wconf 85' lang='lat' dir='ltr'>escam</span> <span class='ocrx_word' id='word_1_222' title='bbox 1230 1589 1341 1622; x_wconf 88' lang='lat' dir='ltr'>omni</span> <span class='ocrx_word' id='word_1_223' title='bbox 1368 1589 1542 1623; x_wconf 86' lang='lat' dir='ltr'>carni‘¹.</span> 
     </span>
    </p>
   </div>
   <div class='ocr_carea' id='block_1_10' title="bbox 89 1728 1647 2129">
    <p class='ocr_par' dir='ltr' id='par_1_10' title="bbox 89 1728 1647 2129">
     <span class='ocr_line' id='line_1_23' title="bbox 233 1728 1644 1772; baseline 0.002 -10"><span class='ocrx_word' id='word_1_224' title='bbox 233 1736 248 1754; x_wconf 78' lang='lat' dir='ltr'>a</span> <span class='ocrx_word' id='word_1_225' title='bbox 273 1728 522 1772; x_wconf 84' lang='lat' dir='ltr'>euangelizans</span> <span class='ocrx_word' id='word_1_226' title='bbox 547 1728 595 1762; x_wconf 89' lang='lat' dir='ltr'>D.</span> <span class='ocrx_word' id='word_1_227' title='bbox 623 1748 666 1752; x_wconf 92' lang='grc'><strong>-</strong></span> <span class='ocrx_word' id='word_1_228' title='bbox 691 1728 708 1753; x_wconf 80' lang='lat' dir='ltr'>b</span> <span class='ocrx_word' id='word_1_229' title='bbox 733 1728 870 1763; x_wconf 87' lang='lat' dir='ltr'>Helleri</span> <span class='ocrx_word' id='word_1_230' title='bbox 895 1729 959 1763; x_wconf 81' lang='lat' dir='ltr'>Br.</span> <span class='ocrx_word' id='word_1_231' title='bbox 986 1730 1062 1764; x_wconf 70' lang='lat' dir='ltr'>mul</span> <span class='ocrx_word' id='word_1_232' title='bbox 1089 1729 1178 1764; x_wconf 61' lang='lat'><strong><em>5221)</em></strong></span> <span class='ocrx_word' id='word_1_233' title='bbox 1204 1742 1271 1766; x_wconf 75' lang='lat' dir='ltr'>ron</span> <span class='ocrx_word' id='word_1_234' title='bbox 1284 1731 1437 1766; x_wconf 62' lang='lat' dir='ltr'>andere]-</span> <span class='ocrx_word' id='word_1_235' title='bbox 1454 1731 1582 1765; x_wconf 78' lang='lat' dir='ltr'>Hcmd.</span> <span class='ocrx_word' id='word_1_236' title='bbox 1601 1751 1644 1756; x_wconf 91' lang='lat'>—</span> 
     </span>
     <span class='ocr_line' id='line_1_24' title="bbox 91 1787 1645 1834; baseline 0.001 -12"><span class='ocrx_word' id='word_1_237' title='bbox 91 1796 105 1814; x_wconf 79' lang='lat'>0</span> <span class='ocrx_word' id='word_1_238' title='bbox 130 1787 229 1822; x_wconf 86' lang='lat' dir='ltr'>Lada</span> <span class='ocrx_word' id='word_1_239' title='bbox 254 1788 316 1831; x_wconf 83' lang='lat' dir='ltr'>D‚·</span> <span class='ocrx_word' id='word_1_240' title='bbox 332 1788 476 1824; x_wconf 81' lang='lat' dir='ltr'>‚Ladam</span> <span class='ocrx_word' id='word_1_241' title='bbox 502 1789 567 1822; x_wconf 82' lang='lat' dir='ltr'>Br.</span> <span class='ocrx_word' id='word_1_242' title='bbox 595 1809 637 1812; x_wconf 89' lang='lat'>—</span> <span class='ocrx_word' id='word_1_243' title='bbox 676 1788 690 1814; x_wconf 70' lang='lat'>1]</span> <span class='ocrx_word' id='word_1_244' title='bbox 718 1790 755 1822; x_wconf 86' lang='lat' dir='ltr'>et</span> <span class='ocrx_word' id='word_1_245' title='bbox 781 1789 826 1823; x_wconf 74' lang='lat' dir='ltr'>A.</span> <span class='ocrx_word' id='word_1_246' title='bbox 856 1809 899 1830; x_wconf 84' lang='lat'>·.-</span> <span class='ocrx_word' id='word_1_247' title='bbox 937 1796 951 1814; x_wconf 81' lang='lat' dir='ltr'>e</span> <span class='ocrx_word' id='word_1_248' title='bbox 977 1800 1098 1833; x_wconf 82' lang='lat' dir='ltr'>capere</span> <span class='ocrx_word' id='word_1_249' title='bbox 1124 1791 1344 1834; x_wconf 83' lang='lat' dir='ltr'>temptarent</span> <span class='ocrx_word' id='word_1_250' title='bbox 1369 1792 1415 1825; x_wconf 70' lang='lat' dir='ltr'>A.</span> <span class='ocrx_word' id='word_1_251' title='bbox 1444 1810 1486 1814; x_wconf 87' lang='lat'>—-</span> <span class='ocrx_word' id='word_1_252' title='bbox 1512 1790 1526 1815; x_wconf 86' lang='lat' dir='ltr'><strong>f</strong></span> <span class='ocrx_word' id='word_1_253' title='bbox 1548 1801 1645 1824; x_wconf 88' lang='lat' dir='ltr'>nam-</span> 
     </span>
     <span class='ocr_line' id='line_1_25' title="bbox 90 1846 1645 1893; baseline 0.001 -12"><span class='ocrx_word' id='word_1_254' title='bbox 90 1858 157 1892; x_wconf 89' lang='lat' dir='ltr'>que</span> <span class='ocrx_word' id='word_1_255' title='bbox 182 1847 246 1881; x_wconf 80' lang='lat' dir='ltr'>Br.</span> <span class='ocrx_word' id='word_1_256' title='bbox 274 1866 317 1872; x_wconf 80' lang='lat'>—</span> <span class='ocrx_word' id='word_1_257' title='bbox 343 1855 361 1880; x_wconf 70' lang='lat' dir='ltr'>g</span> <span class='ocrx_word' id='word_1_258' title='bbox 386 1846 563 1882; x_wconf 83' lang='lat' dir='ltr'>thuidisca</span> <span class='ocrx_word' id='word_1_259' title='bbox 590 1848 653 1882; x_wconf 78' lang='lat' dir='ltr'>Br.</span> <span class='ocrx_word' id='word_1_260' title='bbox 683 1868 725 1872; x_wconf 87' lang='lat'>—</span> <span class='ocrx_word' id='word_1_261' title='bbox 751 1848 769 1873; x_wconf 85' lang='lat' dir='ltr'>h</span> <span class='ocrx_word' id='word_1_262' title='bbox 795 1848 1042 1882; x_wconf 78' lang='lat' dir='ltr'>ita-—vocatur</span> <span class='ocrx_word' id='word_1_263' title='bbox 1066 1849 1093 1892; x_wconf 84' lang='lat' dir='ltr'>f.</span> <span class='ocrx_word' id='word_1_264' title='bbox 1119 1850 1165 1883; x_wconf 82' lang='lat' dir='ltr'>A.</span> <span class='ocrx_word' id='word_1_265' title='bbox 1195 1869 1238 1873; x_wconf 94' lang='lat'><strong>—</strong></span> <span class='ocrx_word' id='word_1_266' title='bbox 1276 1850 1285 1875; x_wconf 80' lang='lat' dir='ltr'>i</span> <span class='ocrx_word' id='word_1_267' title='bbox 1322 1849 1407 1883; x_wconf 87' lang='lat' dir='ltr'>Eius</span> <span class='ocrx_word' id='word_1_268' title='bbox 1434 1850 1645 1893; x_wconf 86' lang='lat' dir='ltr'>petitionem</span> 
     </span>
     <span class='ocr_line' id='line_1_26' title="bbox 90 1906 1646 1954; baseline 0.001 -13"><span class='ocrx_word' id='word_1_269' title='bbox 90 1907 168 1942; x_wconf 87' lang='lat' dir='ltr'>mir.</span> <span class='ocrx_word' id='word_1_270' title='bbox 195 1906 360 1941; x_wconf 84' lang='lat' dir='ltr'>dixerunt</span> <span class='ocrx_word' id='word_1_271' title='bbox 385 1908 431 1942; x_wconf 72' lang='lat' dir='ltr'>A.</span> <span class='ocrx_word' id='word_1_272' title='bbox 463 1927 505 1931; x_wconf 90' lang='lat'>—</span> <span class='ocrx_word' id='word_1_273' title='bbox 532 1908 548 1932; x_wconf 81' lang='lat' dir='ltr'><strong>k</strong></span> <span class='ocrx_word' id='word_1_274' title='bbox 575 1908 646 1940; x_wconf 86' lang='lat' dir='ltr'>iam</span> <span class='ocrx_word' id='word_1_275' title='bbox 685 1918 780 1952; x_wconf 87' lang='lat' dir='ltr'>appr.</span> <span class='ocrx_word' id='word_1_276' title='bbox 809 1908 854 1941; x_wconf 87' lang='lat' dir='ltr'>A.</span> <span class='ocrx_word' id='word_1_277' title='bbox 884 1928 926 1932; x_wconf 95' lang='lat'>—</span> <span class='ocrx_word' id='word_1_278' title='bbox 965 1908 972 1933; x_wconf 91' lang='lat'>¹</span> <span class='ocrx_word' id='word_1_279' title='bbox 999 1908 1067 1942; x_wconf 79' lang='lat' dir='ltr'>clas</span> <span class='ocrx_word' id='word_1_280' title='bbox 1102 1909 1267 1954; x_wconf 68' lang='lat' dir='ltr'>folyende</span> <span class='ocrx_word' id='word_1_281' title='bbox 1292 1910 1385 1944; x_wconf 73' lang='lat' dir='ltr'>nach</span> <span class='ocrx_word' id='word_1_282' title='bbox 1423 1909 1470 1943; x_wconf 88' lang='lat' dir='ltr'>D.</span> <span class='ocrx_word' id='word_1_283' title='bbox 1508 1910 1585 1951; x_wconf 53' lang='lat' dir='ltr'>Bm</span> <span class='ocrx_word' id='word_1_284' title='bbox 1610 1909 1646 1942; x_wconf 84' lang='lat' dir='ltr'><strong><em>A</em></strong></span> 
     </span>
     <span class='ocr_line' id='line_1_27' title="bbox 89 1966 1647 2011; baseline 0.001 -11"><span class='ocrx_word' id='word_1_285' title='bbox 89 1966 177 2011; x_wconf 73' lang='lat' dir='ltr'>folqt</span> <span class='ocrx_word' id='word_1_286' title='bbox 202 1966 278 2010; x_wconf 80' lang='lat' dir='ltr'>fast</span> <span class='ocrx_word' id='word_1_287' title='bbox 302 1967 462 2001; x_wconf 64' lang='lat' dir='ltr'>werthch</span> <span class='ocrx_word' id='word_1_288' title='bbox 488 1966 552 2001; x_wconf 81' lang='lat' dir='ltr'>der</span> <span class='ocrx_word' id='word_1_289' title='bbox 576 1967 651 2000; x_wconf 68' lang='lat' dir='ltr'>vita</span> <span class='ocrx_word' id='word_1_290' title='bbox 676 1967 708 2000; x_wconf 89' lang='lat' dir='ltr'>I.</span> <span class='ocrx_word' id='word_1_291' title='bbox 736 1986 779 1991; x_wconf 87' lang='lat'>-—</span> <span class='ocrx_word' id='word_1_292' title='bbox 817 1974 842 1991; x_wconf 88' lang='lat' dir='ltr'>m</span> <span class='ocrx_word' id='word_1_293' title='bbox 868 1977 945 2000; x_wconf 88' lang='lat' dir='ltr'>cum</span> <span class='ocrx_word' id='word_1_294' title='bbox 971 1967 1035 2001; x_wconf 80' lang='lat' dir='ltr'>Rr.</span> <span class='ocrx_word' id='word_1_295' title='bbox 1065 1987 1108 1991; x_wconf 90' lang='lat'>—-</span> <span class='ocrx_word' id='word_1_296' title='bbox 1134 1975 1151 1992; x_wconf 77' lang='lat'>1¹</span> <span class='ocrx_word' id='word_1_297' title='bbox 1177 1979 1376 2002; x_wconf 86' lang='lat' dir='ltr'>sermonum</span> <span class='ocrx_word' id='word_1_298' title='bbox 1401 1969 1450 2003; x_wconf 89' lang='lat' dir='ltr'>D.</span> <span class='ocrx_word' id='word_1_299' title='bbox 1476 1988 1513 1993; x_wconf 92' lang='lat'><strong>—</strong></span> <span class='ocrx_word' id='word_1_300' title='bbox 1540 1976 1555 1993; x_wconf 71' lang='grc' dir='ltr'>Ο</span> <span class='ocrx_word' id='word_1_301' title='bbox 1581 1969 1647 2002; x_wconf 85' lang='grc'><strong>1111-</strong></span> 
     </span>
     <span class='ocr_line' id='line_1_28' title="bbox 90 2024 1647 2072; baseline 0.002 -14"><span class='ocrx_word' id='word_1_302' title='bbox 90 2024 253 2059; x_wconf 87' lang='lat' dir='ltr'>rantibus</span> <span class='ocrx_word' id='word_1_303' title='bbox 279 2025 402 2070; x_wconf 89' lang='lat' dir='ltr'>itaque</span> <span class='ocrx_word' id='word_1_304' title='bbox 427 2026 478 2059; x_wconf 90' lang='lat' dir='ltr'>eis</span> <span class='ocrx_word' id='word_1_305' title='bbox 513 2035 552 2059; x_wconf 86' lang='lat' dir='ltr'>ac</span> <span class='ocrx_word' id='word_1_306' title='bbox 588 2036 717 2071; x_wconf 84' lang='lat' dir='ltr'>pavore</span> <span class='ocrx_word' id='word_1_307' title='bbox 755 2026 953 2069; x_wconf 85' lang='lat' dir='ltr'>congelatis</span> <span class='ocrx_word' id='word_1_308' title='bbox 989 2026 1119 2061; x_wconf 84' lang='lat' dir='ltr'>cecidit</span> <span class='ocrx_word' id='word_1_309' title='bbox 1156 2028 1231 2071; x_wconf 82' lang='lat' dir='ltr'>ipsa</span> <span class='ocrx_word' id='word_1_310' title='bbox 1264 2028 1370 2072; x_wconf 86' lang='lat' dir='ltr'>piscis</span> <span class='ocrx_word' id='word_1_311' title='bbox 1409 2027 1547 2071; x_wconf 82' lang='lat' dir='ltr'>effigies</span> <span class='ocrx_word' id='word_1_312' title='bbox 1573 2027 1647 2061; x_wconf 87' lang='lat' dir='ltr'>sive</span> 
     </span>
     <span class='ocr_line' id='line_1_29' title="bbox 90 2084 1018 2129; baseline 0.003 -12"><span class='ocrx_word' id='word_1_313' title='bbox 90 2084 166 2117; x_wconf 84' lang='lat' dir='ltr'>avis</span> <span class='ocrx_word' id='word_1_314' title='bbox 193 2094 308 2118; x_wconf 84' lang='lat' dir='ltr'>coram</span> <span class='ocrx_word' id='word_1_315' title='bbox 335 2084 385 2118; x_wconf 90' lang='lat' dir='ltr'>eis</span> <span class='ocrx_word' id='word_1_316' title='bbox 411 2085 447 2118; x_wconf 92' lang='lat' dir='ltr'>in</span> <span class='ocrx_word' id='word_1_317' title='bbox 475 2095 602 2129; x_wconf 87' lang='lat' dir='ltr'>aquam</span> <span class='ocrx_word' id='word_1_318' title='bbox 629 2085 686 2128; x_wconf 85' lang='lat' dir='ltr'>A;</span> <span class='ocrx_word' id='word_1_319' title='bbox 712 2087 766 2119; x_wconf 72' lang='lat'>12.</span> <span class='ocrx_word' id='word_1_320' title='bbox 792 2085 881 2119; x_wconf 56' lang='lat' dir='ltr'>Bam</span> <span class='ocrx_word' id='word_1_321' title='bbox 907 2097 947 2120; x_wconf 79' lang='lat' dir='ltr'>m</span> <span class='ocrx_word' id='word_1_322' title='bbox 972 2086 1018 2120; x_wconf 76' lang='lat' dir='ltr'>A.</span> 
     </span>
    </p>
   </div>
   <div class='ocr_carea' id='block_1_11' title="bbox 87 2297 1647 2872">
    <p class='ocr_par' dir='ltr' id='par_1_11' title="bbox 87 2297 1647 2872">
     <span class='ocr_line' id='line_1_30' title="bbox 89 2297 1647 2352; baseline 0.003 -21"><span class='ocrx_word' id='word_1_323' title='bbox 89 2297 224 2332; x_wconf 87' lang='lat' dir='ltr'>letzten</span> <span class='ocrx_word' id='word_1_324' title='bbox 250 2297 287 2332; x_wconf 91' lang='lat' dir='ltr'>in</span> <span class='ocrx_word' id='word_1_325' title='bbox 313 2297 485 2332; x_wconf 86' lang='lat' dir='ltr'>Betracht</span> <span class='ocrx_word' id='word_1_326' title='bbox 519 2298 692 2339; x_wconf 85' lang='lat' dir='ltr'>kommen,</span> <span class='ocrx_word' id='word_1_327' title='bbox 714 2299 803 2352; x_wconf 46' lang='lat' dir='ltr'>&#39;und</span> <span class='ocrx_word' id='word_1_328' title='bbox 841 2311 909 2334; x_wconf 90' lang='lat' dir='ltr'>von</span> <span class='ocrx_word' id='word_1_329' title='bbox 946 2299 1065 2335; x_wconf 80' lang='lat' dir='ltr'>diesen</span> <span class='ocrx_word' id='word_1_330' title='bbox 1105 2300 1168 2334; x_wconf 85' lang='lat' dir='ltr'>hat</span> <span class='ocrx_word' id='word_1_331' title='bbox 1205 2299 1333 2334; x_wconf 83' lang='lat' dir='ltr'>wieder</span> <span class='ocrx_word' id='word_1_332' title='bbox 1360 2299 1420 2334; x_wconf 87' lang='lat' dir='ltr'>der</span> <span class='ocrx_word' id='word_1_333' title='bbox 1446 2300 1555 2335; x_wconf 86' lang='lat' dir='ltr'>letzte</span> <span class='ocrx_word' id='word_1_334' title='bbox 1581 2300 1647 2335; x_wconf 91' lang='lat' dir='ltr'>Ort</span> 
     </span>
     <span class='ocr_line' id='line_1_31' title="bbox 89 2356 1647 2402; baseline 0.003 -12"><span class='ocrx_word' id='word_1_335' title='bbox 89 2366 211 2400; x_wconf 84' lang='lat' dir='ltr'>wegen</span> <span class='ocrx_word' id='word_1_336' title='bbox 236 2356 351 2390; x_wconf 87' lang='lat' dir='ltr'>seiner</span> <span class='ocrx_word' id='word_1_337' title='bbox 377 2357 582 2391; x_wconf 85' lang='lat' dir='ltr'>westlichen</span> <span class='ocrx_word' id='word_1_338' title='bbox 622 2358 718 2402; x_wconf 81' lang='lat' dir='ltr'>Lage</span> <span class='ocrx_word' id='word_1_339' title='bbox 756 2358 827 2393; x_wconf 89' lang='lat' dir='ltr'>und</span> <span class='ocrx_word' id='word_1_340' title='bbox 865 2358 926 2393; x_wconf 87' lang='lat' dir='ltr'>der</span> <span class='ocrx_word' id='word_1_341' title='bbox 963 2359 1079 2394; x_wconf 86' lang='lat' dir='ltr'>nahen</span> <span class='ocrx_word' id='word_1_342' title='bbox 1117 2359 1378 2395; x_wconf 66' lang='lat' dir='ltr'>westfalischen</span> <span class='ocrx_word' id='word_1_343' title='bbox 1417 2359 1548 2394; x_wconf 86' lang='lat' dir='ltr'>Grenze</span> <span class='ocrx_word' id='word_1_344' title='bbox 1583 2359 1647 2394; x_wconf 84' lang='lat' dir='ltr'>das</span> 
     </span>
     <span class='ocr_line' id='line_1_32' title="bbox 89 2415 1647 2454; baseline 0.003 -5"><span class='ocrx_word' id='word_1_345' title='bbox 89 2415 217 2449; x_wconf 89' lang='lat' dir='ltr'>meiste</span> <span class='ocrx_word' id='word_1_346' title='bbox 242 2415 300 2450; x_wconf 76' lang='lat' dir='ltr'>fiir</span> <span class='ocrx_word' id='word_1_347' title='bbox 337 2416 423 2451; x_wconf 90' lang='lat' dir='ltr'>sich.</span> <span class='ocrx_word' id='word_1_348' title='bbox 466 2416 643 2452; x_wconf 83' lang='lat' dir='ltr'>Eckhart:</span> <span class='ocrx_word' id='word_1_349' title='bbox 682 2417 936 2453; x_wconf 87' lang='lat' dir='ltr'>Commentarii</span> <span class='ocrx_word' id='word_1_350' title='bbox 976 2418 1018 2453; x_wconf 88' lang='lat' dir='ltr'>de</span> <span class='ocrx_word' id='word_1_351' title='bbox 1056 2419 1159 2454; x_wconf 88' lang='lat' dir='ltr'>rebns</span> <span class='ocrx_word' id='word_1_352' title='bbox 1196 2420 1366 2454; x_wconf 87' lang='lat' dir='ltr'>Franciae</span> <span class='ocrx_word' id='word_1_353' title='bbox 1398 2419 1583 2454; x_wconf 83' lang='lat' dir='ltr'>orientalis</span> <span class='ocrx_word' id='word_1_354' title='bbox 1610 2421 1647 2453; x_wconf 88' lang='lat' dir='ltr'>et</span> 
     </span>
     <span class='ocr_line' id='line_1_33' title="bbox 89 2474 1645 2520; baseline 0.002 -12"><span class='ocrx_word' id='word_1_355' title='bbox 89 2474 312 2520; x_wconf 80' lang='lat' dir='ltr'>episcopatus</span> <span class='ocrx_word' id='word_1_356' title='bbox 337 2474 641 2519; x_wconf 87' lang='lat' dir='ltr'>Wirzeburgensis</span> <span class='ocrx_word' id='word_1_357' title='bbox 678 2477 707 2512; x_wconf 84' lang='grc' dir='ltr'>Ι,</span> <span class='ocrx_word' id='word_1_358' title='bbox 748 2478 816 2511; x_wconf 74' lang='lat'>755</span> <span class='ocrx_word' id='word_1_359' title='bbox 849 2480 941 2512; x_wconf 84' lang='lat' dir='ltr'>setzt</span> <span class='ocrx_word' id='word_1_360' title='bbox 967 2478 1033 2512; x_wconf 89' lang='lat' dir='ltr'>den</span> <span class='ocrx_word' id='word_1_361' title='bbox 1073 2479 1207 2513; x_wconf 84' lang='lat' dir='ltr'>Vorfall</span> <span class='ocrx_word' id='word_1_362' title='bbox 1246 2480 1283 2513; x_wconf 90' lang='lat' dir='ltr'>in</span> <span class='ocrx_word' id='word_1_363' title='bbox 1322 2478 1384 2512; x_wconf 85' lang='lat' dir='ltr'>das</span> <span class='ocrx_word' id='word_1_364' title='bbox 1421 2477 1453 2512; x_wconf 86' lang='lat' dir='ltr'>J.</span> <span class='ocrx_word' id='word_1_365' title='bbox 1495 2478 1572 2518; x_wconf 73' lang='lat'>789,</span> <span class='ocrx_word' id='word_1_366' title='bbox 1600 2477 1645 2511; x_wconf 84' lang='lat' dir='ltr'>da</span> 
     </span>
     <span class='ocr_line' id='line_1_34' title="bbox 89 2532 1644 2582; baseline 0.005 -15"><span class='ocrx_word' id='word_1_367' title='bbox 89 2532 247 2576; x_wconf 86' lang='lat' dir='ltr'>Liudger</span> <span class='ocrx_word' id='word_1_368' title='bbox 271 2533 359 2568; x_wconf 87' lang='lat' dir='ltr'>Karl</span> <span class='ocrx_word' id='word_1_369' title='bbox 385 2534 449 2568; x_wconf 85' lang='lat' dir='ltr'>auf</span> <span class='ocrx_word' id='word_1_370' title='bbox 468 2534 546 2569; x_wconf 90' lang='lat' dir='ltr'>dem</span> <span class='ocrx_word' id='word_1_371' title='bbox 572 2535 668 2579; x_wconf 84' lang='lat' dir='ltr'>Zuge</span> <span class='ocrx_word' id='word_1_372' title='bbox 694 2547 808 2580; x_wconf 87' lang='lat' dir='ltr'>gegen</span> <span class='ocrx_word' id='word_1_373' title='bbox 835 2536 892 2571; x_wconf 91' lang='lat' dir='ltr'>dic</span> <span class='ocrx_word' id='word_1_374' title='bbox 919 2536 1055 2572; x_wconf 89' lang='lat' dir='ltr'>Wilzen</span> <span class='ocrx_word' id='word_1_375' title='bbox 1090 2537 1268 2582; x_wconf 84' lang='lat' dir='ltr'>begleitet</span> <span class='ocrx_word' id='word_1_376' title='bbox 1294 2537 1394 2578; x_wconf 87' lang='lat' dir='ltr'>habe,</span> <span class='ocrx_word' id='word_1_377' title='bbox 1421 2536 1644 2574; x_wconf 86' lang='lat' dir='ltr'>Wedekind:</span> 
     </span>
     <span class='ocr_line' id='line_1_35' title="bbox 88 2591 1645 2637; baseline 0.004 -12"><span class='ocrx_word' id='word_1_378' title='bbox 88 2591 208 2626; x_wconf 90' lang='lat' dir='ltr'>Noten</span> <span class='ocrx_word' id='word_1_379' title='bbox 234 2603 274 2626; x_wconf 91' lang='lat' dir='ltr'>zu</span> <span class='ocrx_word' id='word_1_380' title='bbox 307 2593 448 2637; x_wconf 80' lang='lat' dir='ltr'>einigen</span> <span class='ocrx_word' id='word_1_381' title='bbox 487 2593 881 2629; x_wconf 86' lang='lat' dir='ltr'>Geschichtschreibern</span> <span class='ocrx_word' id='word_1_382' title='bbox 921 2595 981 2630; x_wconf 85' lang='lat' dir='ltr'>des</span> <span class='ocrx_word' id='word_1_383' title='bbox 1019 2595 1210 2632; x_wconf 85' lang='lat' dir='ltr'>deutschen</span> <span class='ocrx_word' id='word_1_384' title='bbox 1248 2596 1484 2631; x_wconf 83' lang='lat' dir='ltr'>Mittelaltcrs</span> <span class='ocrx_word' id='word_1_385' title='bbox 1520 2596 1547 2630; x_wconf 90' lang='grc' dir='ltr'>Ι.</span> <span class='ocrx_word' id='word_1_386' title='bbox 1576 2598 1645 2632; x_wconf 74' lang='grc'>260</span> 
     </span>
     <span class='ocr_line' id='line_1_36' title="bbox 88 2647 1644 2695; baseline 0.004 -11"><span class='ocrx_word' id='word_1_387' title='bbox 88 2651 158 2684; x_wconf 86' lang='lat' dir='ltr'>mit</span> <span class='ocrx_word' id='word_1_388' title='bbox 182 2651 281 2685; x_wconf 86' lang='lat' dir='ltr'>mehr</span> <span class='ocrx_word' id='word_1_389' title='bbox 305 2647 690 2688; x_wconf 86' lang='lat' dir='ltr'>Wahrscheinlichkeit</span> <span class='ocrx_word' id='word_1_390' title='bbox 716 2654 751 2688; x_wconf 94' lang='lat' dir='ltr'>in</span> <span class='ocrx_word' id='word_1_391' title='bbox 779 2653 841 2688; x_wconf 89' lang='lat' dir='ltr'>das</span> <span class='ocrx_word' id='word_1_392' title='bbox 866 2654 900 2689; x_wconf 90' lang='lat' dir='ltr'>J.</span> <span class='ocrx_word' id='word_1_393' title='bbox 928 2655 1006 2695; x_wconf 76' lang='lat'>798,</span> <span class='ocrx_word' id='word_1_394' title='bbox 1044 2655 1081 2690; x_wconf 90' lang='lat' dir='ltr'>in</span> <span class='ocrx_word' id='word_1_395' title='bbox 1119 2656 1286 2691; x_wconf 85' lang='lat' dir='ltr'>welchern</span> <span class='ocrx_word' id='word_1_396' title='bbox 1313 2667 1369 2690; x_wconf 78' lang='lat' dir='ltr'>am</span> <span class='ocrx_word' id='word_1_397' title='bbox 1406 2658 1456 2692; x_wconf 79' lang='lat'>19.</span> <span class='ocrx_word' id='word_1_398' title='bbox 1486 2656 1561 2690; x_wconf 81' lang='lat' dir='ltr'>Juli</span> <span class='ocrx_word' id='word_1_399' title='bbox 1587 2655 1644 2690; x_wconf 82' lang='lat' dir='ltr'>fiir</span> 
     </span>
     <span class='ocr_line' id='line_1_37' title="bbox 88 2708 1644 2757; baseline 0.004 -14"><span class='ocrx_word' id='word_1_400' title='bbox 88 2708 245 2753; x_wconf 85' lang='lat' dir='ltr'>Liudger</span> <span class='ocrx_word' id='word_1_401' title='bbox 271 2711 349 2745; x_wconf 89' lang='lat' dir='ltr'>eine</span> <span class='ocrx_word' id='word_1_402' title='bbox 374 2710 710 2746; x_wconf 85' lang='lat' dir='ltr'>Verkaufsurkunde</span> <span class='ocrx_word' id='word_1_403' title='bbox 735 2713 948 2757; x_wconf 82' lang='lat' dir='ltr'>ausgestellt</span> <span class='ocrx_word' id='word_1_404' title='bbox 973 2714 1022 2748; x_wconf 82' lang='lat' dir='ltr'>ist</span> <span class='ocrx_word' id='word_1_405' title='bbox 1047 2715 1116 2748; x_wconf 88' lang='lat' dir='ltr'>mit</span> <span class='ocrx_word' id='word_1_406' title='bbox 1141 2713 1220 2749; x_wconf 90' lang='lat' dir='ltr'>dem</span> <span class='ocrx_word' id='word_1_407' title='bbox 1245 2716 1392 2750; x_wconf 85' lang='lat' dir='ltr'>Actum:</span> <span class='ocrx_word' id='word_1_408' title='bbox 1420 2717 1455 2750; x_wconf 87' lang='lat' dir='ltr'>in</span> <span class='ocrx_word' id='word_1_409' title='bbox 1481 2715 1644 2756; x_wconf 63' lang='lat' dir='ltr'>Saxonia„</span> 
     </span>
     <span class='ocr_line' id='line_1_38' title="bbox 87 2766 1643 2819; baseline 0.005 -17"><span class='ocrx_word' id='word_1_410' title='bbox 87 2766 151 2802; x_wconf 83' lang='lat' dir='ltr'>ubi</span> <span class='ocrx_word' id='word_1_411' title='bbox 176 2770 261 2803; x_wconf 83' lang='lat' dir='ltr'>tunc</span> <span class='ocrx_word' id='word_1_412' title='bbox 286 2770 455 2814; x_wconf 87' lang='lat' dir='ltr'>temporis</span> <span class='ocrx_word' id='word_1_413' title='bbox 481 2770 612 2806; x_wconf 88' lang='lat' dir='ltr'>fuimus</span> <span class='ocrx_word' id='word_1_414' title='bbox 650 2772 686 2805; x_wconf 87' lang='lat' dir='ltr'>in</span> <span class='ocrx_word' id='word_1_415' title='bbox 724 2771 826 2807; x_wconf 88' lang='lat' dir='ltr'>hoste</span> <span class='ocrx_word' id='word_1_416' title='bbox 864 2773 901 2807; x_wconf 87' lang='lat' dir='ltr'>in</span> <span class='ocrx_word' id='word_1_417' title='bbox 940 2773 1013 2807; x_wconf 86' lang='lat' dir='ltr'>loco</span> <span class='ocrx_word' id='word_1_418' title='bbox 1051 2773 1242 2808; x_wconf 82' lang='lat' dir='ltr'>Mimthum</span> <span class='ocrx_word' id='word_1_419' title='bbox 1282 2775 1376 2819; x_wconf 85' lang='lat' dir='ltr'>(Lac.</span> <span class='ocrx_word' id='word_1_420' title='bbox 1415 2775 1443 2810; x_wconf 92' lang='lat' dir='ltr'>I.</span> <span class='ocrx_word' id='word_1_421' title='bbox 1473 2777 1533 2815; x_wconf 82' lang='lat'>10;</span> <span class='ocrx_word' id='word_1_422' title='bbox 1560 2774 1643 2810; x_wconf 84' lang='lat' dir='ltr'>Erh.</span> 
     </span>
     <span class='ocr_line' id='line_1_39' title="bbox 88 2826 298 2872; baseline 0.005 -11"><span class='ocrx_word' id='word_1_423' title='bbox 88 2826 176 2870; x_wconf 84' lang='lat' dir='ltr'>Reg.</span> <span class='ocrx_word' id='word_1_424' title='bbox 203 2829 298 2872; x_wconf 79' lang='lat'>⁶225).</span> 
     </span>
    </p>
   </div>
   <div class='ocr_carea' id='block_1_12' title="bbox 231 2899 571 2944">
    <p class='ocr_par' dir='ltr' id='par_1_12' title="bbox 231 2899 571 2944">
     <span class='ocr_line' id='line_1_40' title="bbox 231 2899 571 2944; baseline 0.009 -11"><span class='ocrx_word' id='word_1_425' title='bbox 231 2900 266 2944; x_wconf 86' lang='lat'>1)</span> <span class='ocrx_word' id='word_1_426' title='bbox 292 2899 379 2934; x_wconf 73' lang='lat' dir='ltr'>vita</span> <span class='ocrx_word' id='word_1_427' title='bbox 406 2900 434 2935; x_wconf 94' lang='lat'>1.</span> <span class='ocrx_word' id='word_1_428' title='bbox 461 2911 489 2935; x_wconf 77' lang='lat' dir='ltr'>e.</span> <span class='ocrx_word' id='word_1_429' title='bbox 515 2902 571 2936; x_wconf 73' lang='lat'>29.</span> 
     </span>
    </p>
   </div>
  </div>
 </body>
</html>
