1864 3213
256 112 340 155 104
694 114 792 156 Vita
832 114 906 156 ΙΙΙ.
941 127 971 156 s.
1005 113 1201 170 Liudgeri
1232 114 1303 158 lib.
1335 114 1367 157 Ι.

257 229 385 265 missus
402 232 469 273 est,
516 231 558 273 in
604 242 708 286 quaa
755 231 948 274 aecclesia
996 231 1083 274 sine
1127 232 1268 274 ordine
1314 233 1540 287 pontificali
1577 235 1695 278 annis
1727 237 1811 279 fere

256 302 496 345 duodecimb
528 303 690 345 mansit.
754 304 862 345 Nam
895 303 988 357 quia
1020 304 1187 346 noverat
1230 303 1376 347 dixisse
1409 306 1687 359 apostolumssz
1744 307 1812 359 „Si

255 373 344 427 quis
376 373 649 428 episcopatum
683 374 924 427 desiderate,
974 375 1123 417 bonum
1160 387 1258 429 opus
1291 375 1566 429 deside1·at‘¹“‚
1611 400 1696 434 opus
1735 390 1813 435 qui-

256 443 335 478 dem
360 445 514 489 episcopi
538 455 600 489 pro
627 444 762 480 viribus
787 455 891 490 agere
918 445 1044 490 coepit,
1084 445 1234 490 gradum
1271 447 1391 481 autem
1429 448 1633 493 perciperee
1657 451 1812 491 rennuit,

255 503 310 538 ita
335 502 428 548 quod
453 504 569 539 oneris
594 506 671 538 erat
708 505 918 550 suscipiens,
958 505 1051 550 quod
1088 504 1231 540 honoris
1270 505 1525 549 declinans,
1561 507 1653 553 quod
1689 508 1814 544 inflare

256 564 398 607 poterat
423 563 531 604 cavit,
559 562 651 608 quod
677 562 879 598 aedifficare
906 562 1053 598 subivit.

399 622 455 657 28.
504 621 577 657 Ubi
601 622 801 667 pontificali
827 621 944 658 infula
969 622 1184 658 sublimatus
1209 623 1287 659 ests
1295 623 1319 658 2.

368 741 607 797 (Vei-yleich
636 742 844 798 Lizedycrs
873 744 949 786 mit
977 743 1145 799 Donses
1175 744 1282 787 nacla
1313 743 1448 788 Exocl.
1482 750 1522 797 3,
1555 749 1607 788 11
1636 747 1706 801 ff.)

400 825 455 859 29.
481 824 534 859 De
560 835 672 866 caeco,
700 836 802 870 quem
837 825 1117 861 inluminaverat
1127 834 1155 861 g.
1182 825 1339 869 Quodam
1366 829 1816 874 tcmp01·e...—pristinae

258 882 329 917 luci
354 882 531 918 divinitus
557 884 768 919 restitutum
801 896 876 920 esse
911 887 1068 920 testatus
1110 886 1200 921 est-²³.
1252 887 1299 928 In
1332 900 1407 942 quo
1429 888 1560 931 sancti
1592 889 1817 945 Liudgerih

259 956 367 998 facto
399 956 579 999 conicere
610 970 834 1011 possumus,
882 958 1033 1011 quanta
1081 958 1129 1000 de
1160 958 1244 1001 hisi
1276 959 1362 1001 eius
1395 959 1615 1002 virtutibus
1646 960 1816 1012 lateant,

261 1040 360 1081 quas
391 1028 457 1070 vel
488 1028 596 1071 solus
627 1029 712 1071 Deo
743 1029 874 1071 testek
908 1029 1037 1077 fecit1,
1085 1030 1151 1072 vel
1196 1030 1291 1071 itam
1336 1030 1377 1071 in
1423 1030 1516 1073 aliis
1556 1031 1816 1085 perpetravit,

260 1099 307 1140 ut
338 1111 405 1141 eas
437 1100 531 1142 ant-e
563 1113 677 1142 suam
710 1100 880 1142 mortem
912 1100 1113 1154 publicari
1144 1101 1313 1145 vetaret.
1374 1102 1543 1144 Potuitn
1586 1104 1693 1144 enim
1726 1116 1818 1146 con-

261 1171 421 1226 tingere
452 1171 662 1226 plerosque
694 1184 739 1213 ex
771 1170 855 1213 illis
872 1179 900 1223 ⁰,
949 1184 1044 1226 quos
1082 1173 1310 1224 sanaverat,
1359 1173 1453 1215 ante
1499 1186 1617 1215 suum
1663 1173 1817 1216 obitum

263 1242 477 1285 transirel‘.
509 1242 653 1296 Itaque
684 1243 762 1285 iste
793 1255 948 1294 caecus,
983 1244 1028 1285 ut
1057 1244 1338 1298 comperimus,
1371 1244 1595 1300 signorum,
1627 1257 1727 1299 quae
1748 1258 1819 1299 per

265 1326 356 1357 eum
387 1312 590 1356 Dominus
620 1314 807 1368 operatus
855 1315 928 1365 est,
976 1314 1141 1356 initium
1189 1314 1281 1356 fuit.
1322 1315 1383 1357 De
1430 1315 1543 1357 cuius
1589 1316 1820 1358 testimonio

266 1384 402 1427 minus
431 1383 637 1437 hesitabit‚
671 1385 740 1439 qui
771 1385 905 1427 vitae‘1
952 1385 1036 1428 eius
1077 1385 1320 1440 probitatem
1364 1388 1404 1429 et
1434 1386 1547 1440 pium
1574 1387 1616 1428 in
1646 1387 1819 1430 Domino

265 1455 448 1499 Studium
479 1457 742 1511 recognoscit,
805 1455 897 1490 Nam
925 1456 1086 1501 quamvis
1118 1456 1298 1501 coniugali
1318 1459 1429 1492 essctr
1456 1456 1595 1492 vinculo
1621 1457 1820 1502 alligatusS,

264 1528 345 1572 post
364 1536 463 1562 suam
484 1526 799 1562 inluminationem
819 1529 939 1562 tamen
966 1518 1124 1562 eruditos
1142 1520 1339 1571 quosquet
1357 1517 1463 1559 viros
1485 1517 1741 1571 frequentare
1773 1540 1790 1563 e
1805 1530 1822 1563 t

265 1597 468 1644 psalmos
494 1596 546 1632 ab
568 1586 639 1638 eiS‚
654 1587 719 1629 vel
737 1588 768 1629 si
788 1587 884 1641 quid
902 1588 1013 1629 aliud
1032 1601 1077 1630 ex
1095 1588 1306 1642 seripturis
1323 1589 1492 1642 poterat,
1511 1588 1663 1631 discere
1679 1610 1822 1635 consue-

266 1657 331 1693 vit.
354 1656 464 1693 Cuius
481 1656 600 1692 studio
619 1660 762 1693 sanctus
780 1657 1009 1703 Liudgerusu
1028 1658 1226 1693 delectatus
1241 1659 1314 1693 eius
1333 1658 1509 1694 industria
1527 1660 1564 1694 in
1582 1659 1666 1694 fidei
1685 1671 1822 1705 quoque

266 1727 371 1752 causa
382 1715 555 1752 utendum
572 1718 728 1762 putavit.
745 1717 835 1759 Quia
850 1718 944 1752 enim
959 1718 1034 1752 illis
1053 1716 1177 1752 diebus
1196 1718 1224 1752 F
1235 1718 1374 1753 risiav
1393 1718 1543 1754 secundo
1562 1730 1582 1753 a
1595 1718 1688 1754 fide
1707 1718 1727 1753 d
1741 1719 1822 1754 efe-

265 1776 317 1811 cit
341 1777 380 1811 et
402 1775 546 1811 famulis
570 1776 652 1811 Dei
689 1776 772 1812 inde
798 1777 994 1822 expulsis,
1034 1778 1108 1822 ipse
1135 1777 1179 1812 ad
1204 1788 1262 1812 eos
1293 1788 1467 1812 accessum
1493 1778 1622 1813 habere
1647 1779 1821 1824 nequivit,

265 1846 326 1880 per
351 1834 455 1870 illum
479 1836 648 1880 parvulae
673 1836 796 1871 saltim
823 1837 938 1872 aetati
973 1836 1151 1871 consulere
1179 1836 1293 1871 voluit
1303 1845 1337 1878 W,
1377 1837 1407 1871 si
1443 1836 1619 1882 perfectae
1644 1838 1823 1884 nequivis-

268 1895 356 1930 setx.
383 1894 537 1931 Proinde
564 1895 647 1941 quia
686 1903 734 1931 ay
772 1896 938 1931 multis
952 1897 966 1916 ⁴
1005 1895 1227 1940 diligebatur
1268 1898 1309 1939 et
1351 1897 1399 1940 de
1441 1910 1485 1940 eo
1527 1899 1689 1951 utpotez
1720 1898 1822 1941 laico

410 2044 425 2063 ἃ
450 2035 490 2072 F
511 2047 538 2072 s.
565 2038 606 2073 h:
633 2040 764 2074 tamen.
804 2058 847 2064 —-
884 2040 899 2065 b
935 2039 1019 2074 ΧΠ.
1062 2040 1098 2074 C.
1134 2040 1173 2075 J.
1201 2040 1250 2074 K.
1287 2061 1329 2065 —
1369 2049 1383 2067 C
1418 2053 1506 2077 corr.
1542 2052 1610 2077 aits
1646 2040 1824 2076 desidera-

266 2095 333 2131 bat
357 2094 408 2130 N.
444 2115 488 2121 -
526 2096 543 2122 <1
579 2096 613 2131 b.
653 2108 682 2132 o.
723 2098 756 2136 d.
793 2099 820 2142 f.
859 2099 896 2134 J.
935 2099 983 2133 K.
1014 2119 1056 2123 —
1096 2107 1110 2125 e
1153 2099 1309 2144 accipere
1347 2100 1397 2135 N.
1437 2120 1480 2125 —
1518 2101 1532 2127 f
1565 2100 1740 2136 Ubi-est
1776 2101 1821 2135 R.

268 2154 314 2191 F.
341 2174 384 2180 -
409 2162 427 2189 g
451 2154 676 2192 De—inlum.
702 2157 747 2192 R.
775 2158 819 2192 F.
854 2178 898 2183 —
924 2158 941 2184 h
968 2158 1090 2202 Liutg.
1117 2158 1154 2193 J.
1180 2158 1236 2203 K3
1276 2158 1389 2203 Ludg.
1427 2159 1481 2194 M.
1520 2160 1579 2205 N3
1616 2159 1754 2204 Ludgh.
1784 2159 1822 2194 T.

271 2213 831 2259 —iflJ.K.MN.T.-
867 2216 1823 2263 kt.deoT.—lt.d.f.M.--mflJ.K.—

268 2283 286 2301 n
311 2275 454 2320 poterat
487 2275 541 2310 M.
570 2276 610 2312 T.
637 2296 682 2302 -—
708 2285 722 2303 0
749 2277 804 2312 his
830 2278 886 2319 K;
913 2288 942 2313 e.
968 2278 993 2315 i.
1032 2278 1059 2322 f.
1089 2278 1127 2314 T.
1157 2299 1199 2302 —
1239 2286 1255 2311 Ρ
1294 2279 1488 2313 transitum
1520 2278 1616 2314 obire
1641 2279 1678 2314 J.
1703 2279 1753 2313 K.
1781 2299 1824 2303 —

270 2343 285 2368 <3
312 2335 339 2379 f.
368 2334 409 2370 T.
436 2353 480 2360 —
506 2342 520 2362 ¹·
545 2346 573 2370 e.
601 2346 627 2370 c.
655 2336 708 2371 M.
740 2357 782 2361 -
809 2346 822 2363 ⁵
847 2337 1039 2382 colligatus
1077 2338 1127 2372 N.
1169 2338 1208 2372 Τ.
1248 2356 1292 2361 —
1323 2339 1333 2363 t
1372 2349 1508 2384 quoque
1547 2339 1592 2373 R.
1632 2338 1682 2373 N.
1712 2338 1754 2373 T.
1780 2358 1824 2363 ——

268 2401 287 2421 ¹¹
311 2392 435 2438 Liutg.
460 2392 498 2430 J.
523 2393 580 2437 K;
606 2394 719 2439 Ludg.
739 2396 792 2430 M.
820 2397 876 2440 N3
902 2396 1041 2441 Ludgh.
1064 2397 1102 2431 T.
1131 2417 1173 2421 —
1200 2405 1216 2422 v
1241 2397 1364 2432 Fresia
1389 2398 1426 2432 J.
1452 2397 1500 2433 K.
1528 2417 1571 2422 —
1597 2406 1621 2422 w
1646 2398 1764 2432 noluit
1787 2398 1825 2433 J.

270 2452 319 2488 K.
347 2472 390 2478 —
415 2461 433 2480 1
457 2454 639 2500 nequisset
666 2455 705 2490 T.
733 2475 775 2480 —
803 2464 819 2490 y
843 2457 870 2500 f.
897 2457 932 2492 J.
961 2456 1009 2491 K.
1036 2456 1090 2491 M.
1119 2476 1160 2480 —
1188 2465 1201 2482 z
1227 2459 1356 2502 utpute
1383 2456 1425 2498 G;
1451 2457 1488 2492 J.
1507 2457 1550 2492 K
1570 2468 1596 2492 s.
1623 2458 1664 2491 h:
1689 2456 1743 2491 de.

415 2692 450 2736 1)
478 2693 510 2728 1.
538 2691 628 2727 Tim.
655 2693 687 2734 3,
716 2694 746 2727 1.
1059 2725 1061 2729 .

414 2751 450 2797 2)
476 2750 565 2786 Vita
588 2751 616 2786 1.
643 2761 670 2787 c.
697 2753 760 2794 23;
787 2763 817 2787 v.
844 2752 892 2787 11.
919 2763 947 2787 c.
975 2753 1038 2794 20;
1065 2752 1142 2788 vita
1167 2753 1195 2788 I.
1223 2764 1250 2788 c.
1277 2753 1321 2788 25
1346 2752 1440 2787 Einl.

415 2811 452 2857 3)
477 2810 564 2846 Vita
591 2811 639 2846 H.
666 2821 693 2846 c.
721 2812 783 2853 213
811 2823 842 2847 v.
869 2812 897 2848 Ι.
925 2822 953 2847 c.
980 2813 1034 2847 25.

420 2869 459 2918 4)
484 2868 572 2906 vita
597 2869 626 2906 I.
653 2881 680 2907 c.
708 2871 764 2907 26.
