1864 3213
500 142 599 184 Vita
632 155 710 185 sec.
744 156 775 185 s.
809 144 1004 199 Liudgeri
1035 144 1107 189 lib'.
1140 146 1171 188 I.
1555 149 1611 191 57

55 254 276 300 fluentibus
307 258 354 300 de
386 271 536 314 magna
570 272 641 302 sua
674 260 843 303 scientia
866 263 1178 305 communicans.
1215 275 1329 311 Huius
1354 287 1434 311 mox
1458 279 1500 312 ut
1526 278 1611 313 illuc

55 342 302 386 pervenerunt,
338 340 596 385 Liudgerus
622 331 868 373 familiarem
887 333 1118 375 amiciciam
1135 335 1318 389 adeptus,
1368 349 1495 392 spacio,
1543 359 1610 393 quo

54 412 147 447 inibi
182 411 475 453 demorabantur,
518 412 562 446 ad
602 423 681 447 eum
723 412 878 448 sedulo
920 403 968 444 de
1000 404 1210 458 Scripturis
1250 407 1525 462 interrogarea
1555 430 1611 454 ac-

54 472 171 507 cessit.
199 472 329 506 Verum
356 482 433 506 cum
453 473 562 507 sacris
588 471 770 506 ordinibus
787 474 962 517 perceptis
987 473 1032 508 ad
1058 485 1147 515 eum,
1175 476 1251 520 qui
1277 487 1334 511 eos
1359 477 1531 518 miserat,
1557 488 1612 513 re-

54 526 204 566 deuntes
230 531 427 572 venirent,
464 531 657 566 Alubertus
694 542 772 566 cum
809 531 979 576 Gregorio
1005 534 1057 577 pii
1082 534 1269 569 laborem
1296 538 1430 581 operis
1455 548 1610 573 assume-

54 590 180 626 batbl.
207 591 315 625 Porro
342 590 594 635 Liudgerus
621 590 818 625 Alchuinie
844 591 1018 627 desiderio
1045 595 1081 627 et
1106 605 1222 629 amore
1248 594 1405 630 discendi
1431 596 1609 639 reditum,

53 650 84 685 si
109 652 228 695 posset
252 650 329 685 fieri
339 650 367 692 d,
393 649 646 685 meditabatur.
697 650 796 693 Quod
834 662 911 686 cum
950 652 1066 696 sepius
1092 654 1287 698 temptanti
1314 654 1504 699 Gregorius
1530 658 1610 691 tan-

54 709 134 745 dem
160 709 372 744 difficillime
399 710 638 751 concessisset,
665 711 801 754 paratis
820 721 897 744 cum
912 712 987 745 eius
1015 711 1191 747 adiutorio
1219 716 1255 748 et
1280 716 1505 758 parentum
1531 726 1610 749 suo—

53 781 142 815 rum,
170 780 282 814 quae
304 769 388 804 talis
413 769 654 813 peregrinatio
668 769 846 814 poscebat.
864 771 1037 805 remeavit
1064 771 1310 807 Brittanniam
1322 781 1346 807 Θ.
1375 773 1506 816 Quem
1531 785 1610 809 ma—

54 829 208 873 gister
233 828 451 884 honorabilis
490 828 645 872 benigne
685 828 930 874 suscipiens
942 829 963 870 f,
1005 840 1136 874 magna
1163 841 1242 865 eum
1269 832 1379 866 coluit
1406 834 1612 868 caritateg

53 900 203 936 tribus
216 911 282 945 que
308 900 487 934 continuis
520 910 602 933 ann
614 900 625 933 i
637 911 652 934 s
678 901 827 944 paterna
874 889 916 930 in
948 891 1232 932 monachorum
1267 893 1509 935 monasterio
1541 905 1609 939 sol-

53 959 241 995 licitudine
267 959 442 1002 erudiens,
469 961 595 1004 quarto
622 969 714 993 anno
748 958 936 993 dimidiato
947 959 966 985 h
997 959 1154 1004 adprime
1180 961 1359 996 eruditum
1385 963 1428 997 ad
1454 965 1610 1008 patriam

52 1019 203 1054 remisit.
230 1019 379 1064 Itaquei
404 1018 603 1062 Liudgerus
630 1020 705 1052 tam
731 1029 772 1052 ex
796 1018 956 1062 profectu
975 1018 1130 1053 dulcium
1147 1031 1281 1055 morum
1301 1033 1406 1066 quam
1436 1034 1476 1058 ex
1502 1025 1610 1069 scrip-

51 1093 214 1126 turarum
239 1090 390 1125 scientia
415 1090 589 1133 magistro
617 1088 790 1133 Gregorio
817 1090 1132 1134 acceptabilior
1164 1091 1306 1126 factus2
1339 1083 1469 1125 eidem
1501 1085 1610 1137 post-

58 1151 221 1193 modum
253 1150 361 1204 patri
392 1149 577 1192 utiliorik
610 1149 856 1203 discipulatu
887 1144 1048 1192 adhesit
1064 1152 1092 1192 3.

195 1235 227 1268 6.
254 1232 465 1266 Dumhaec
491 1243 543 1276 ge
556 1232 762 1273 rerenturl,
791 1233 926 1266 venit
965 1222 1006 1263 et
1044 1222 1149 1264 allus
1181 1234 1284 1269 homo
1316 1235 1609 1271 Liafwinusm

52 1293 234 1328 nomine
260 1303 300 1326 ex
326 1302 400 1330 sua.
427 1291 464 1325 id
490 1294 544 1326 est
570 1291 809 1335 Anglorum,
837 1294 944 1335 gente
969 1292 1075 1327 Deon
1112 1296 1259 1329 vocante
1298 1294 1479 1330 adductus.
1508 1296 1610 1331 Refe-

55 1353 158 1388 rebat
183 1353 277 1386 enim
288 1359 303 1377 0
331 1354 347 1386 t
357 1352 427 1385 rin
439 1362 459 1385 a
497 1352 753 1396 omnipotentis
790 1351 857 1385 Dei
890 1362 909 1385 a
920 1351 940 1385 d
950 1362 984 1385 m
993 1362 1012 1385 o
1022 1352 1113 1386 niti
1125 1363 1143 1385 0
1153 1364 1176 1386 n
1188 1363 1204 1387 e
1214 1360 1231 1385 Ρ
1269 1364 1305 1388 se
1343 1354 1436 1389 exire
1462 1355 1608 1398 iussum,

54 1425 77 1448 u
88 1415 104 1447 t
129 1413 192 1447 illo
218 1413 256 1446 in
282 1411 356 1446 loco
384 1413 420 1445 et
446 1411 520 1445 illis
548 1411 716 1455 gentibus
742 1411 962 1446 miseratoris
997 1411 1111 1445 nostri
1146 1413 1374 1456 euangelium
1398 1413 1608 1457 predicaret,

51 1473 230 1518 petiitque
267 1482 287 1505 a
324 1470 496 1515 Gregorio
534 1470 769 1505 demonstrari
805 1470 874 1505 sibi
912 1471 956 1504 lo
967 1481 983 1504 c
994 1482 1015 1505 u
1026 1482 1061 1505 m
1098 1470 1274 1506 divinitus
1311 1472 1606 1508 commendatum.

54 1531 206 1567 Gavisus
231 1531 294 1565 ille
320 1530 362 1564 de
404 1529 527 1564 divina
565 1530 794 1565 miseratione
806 1538 833 1571 q,
873 1529 895 1564 d
906 1530 942 1564 ir
953 1541 970 1564 e
981 1531 1052 1564 xit
1089 1541 1183 1564 eum
1220 1530 1332 1573 illuc,
1370 1531 1434 1566 hoc
1472 1534 1527 1566 est
1562 1533 1609 1567 in

50 1590 292 1626 confinium
310 1589 483 1624 Franco
497 1600 591 1623 rum
618 1590 689 1624 etS
704 1600 782 1624 axo
798 1600 899 1623 num
926 1590 1025 1623 iuxta
1043 1589 1235 1624 fluvium
1253 1590 1350 1624 Isla
1376 1590 1428 1625 ad
1454 1591 1611 1633 locum,

52 1650 114 1695 qui
139 1650 374 1684 Daventre
400 1648 566 1690 diciturr,
593 1647 680 1682 dans
712 1648 745 1682 ei
770 1649 936 1682 comitem
963 1651 998 1683 et
1024 1651 1284 1693 cooporatorem
1310 1649 1410 1684 verbi
1435 1650 1503 1685 Dei
1529 1662 1611 1686 ser-

53 1720 155 1744 vum
181 1708 326 1744 Domini
364 1708 478 1742 nostri
515 1707 850 1751 Marchelmum‚
889 1709 926 1742 et
963 1708 1078 1752 ipsum
1104 1719 1144 1742 ex
1169 1708 1418 1752 Anglorum
1443 1712 1564 1753 gente,
1590 1721 1612 1745 a

52 1770 214 1803 sancto
239 1767 581 1821 Willibrordos
607 1778 627 1801 a
663 1767 867 1812 puericia
903 1767 1113 1802 enutritum.
1155 1767 1213 1802 Ibi
1251 1778 1328 1802 cum
1367 1769 1611 1804 aecclesias

50 1853 70 1877 c
80 1851 129 1874 on
139 1852 155 1875 s
165 1842 182 1875 t
193 1852 210 1874 r
220 1851 243 1874 u
251 1841 326 1874 eret
352 1829 393 1869 et
405 1827 598 1881 plUl'imOS
611 1828 873 1869 CODVGI'ffiSSGl':
883 1828 896 1853 t
923 1839 968 1873 ad
985 1839 1188 1880 Dominum,
1219 1841 1380 1874 sanctam
1413 1851 1433 1874 a
1443 1852 1466 1874 n
1477 1840 1490 1874 i
1501 1851 1535 1874 m
1546 1851 1566 1875 a
1575 1851 1611 1874 m

51 1914 69 1937 r
80 1913 97 1936 e
108 1901 130 1935 d
140 1900 219 1935 den
229 1911 245 1934 s
270 1899 433 1939 Domino,
462 1897 577 1932 locum
617 1897 721 1932 illum
747 1909 808 1932 suo
833 1898 1084 1933 honorificavit
1121 1908 1270 1942 corpore.
1312 1899 1339 1932 P
1351 1909 1369 1933 ο
1380 1901 1422 1933 st
1459 1902 1611 1934 mortem

51 1981 162 2009 veron
193 1972 294 2006 illius
320 1971 403 2005 Sax
415 1981 434 2004 o
447 1981 526 2004 nes
558 1959 734 2000 zelantes
766 1958 868 2000 inibi
900 1958 1178 2000 collectionem
1209 1959 1346 2012 populi
1369 1959 1582 2001 christiani
1594 1969 1612 1987 V

51 2033 195 2068 locum
219 2031 312 2066 illu
324 2041 360 2064 m
371 2038 395 2055 w
420 2029 528 2075 preda
553 2031 591 2064 et
624 2028 788 2063 incendio
815 2040 867 2064 va
878 2041 893 2064 s
904 2031 921 2063 t
934 2040 955 2063 a
967 2040 987 2062 v
1002 2039 1108 2063 erun
1119 2031 1136 2063 t
1173 2028 1414 2074 conbustaque
1441 2029 1561 2064 aeccl
1576 2041 1612 2065 e-

51 2093 123 2128 sia
149 2101 319 2136 corpus
345 2090 456 2131 eius,
482 2088 566 2123 dum
592 2090 820 2134 quererent,
847 2089 953 2123 inve
967 2089 1041 2123 nir
1056 2099 1074 2122 e
1099 2088 1339 2133 nequiverunt
1352 2089 1374 2120 4.

195 2205 211 2223 a
235 2197 519 2240 interrogantem
545 2196 610 2230 Br.
651 2215 692 2220 —
731 2195 748 2220 b
774 2205 827 2240 op.
855 2195 878 2229 l.
916 2195 1109 2239 assumpsit
1146 2194 1184 2229 D
1194 2208 1206 2238 ,-
1243 2195 1436 2240 assumpsit
1472 2197 1537 2230 Br.
1566 2215 1609 2220 —

52 2266 69 2285 c
93 2257 288 2293 Alchuuini
312 2255 361 2290 D.
390 2274 433 2280 —
471 2255 489 2281 <1
514 2255 538 2289 f.
564 2266 597 2300 p.
623 2256 689 2290 Br.
717 2275 759 2279 —
798 2262 812 2281 e
839 2254 1042 2288 Britaniam
1078 2254 1128 2289 D.
1165 2274 1209 2279 —
1246 2254 1261 2280 f
1282 2265 1369 2289 susc.
1396 2265 1475 2289 eum
1501 2265 1547 2288 m.
1574 2254 1608 2289 h.

51 2317 102 2353 D.
129 2317 194 2351 Br.
222 2335 266 2339 —
290 2323 308 2348 g
332 2324 464 2358 magna.
489 2313 587 2348 cuius
618 2314 776 2348 animum
809 2315 1023 2358 cognoverat
1049 2312 1211 2357 (noverat
1246 2313 1327 2358 ΒΥ.)
1364 2313 1476 2348 coluit
1513 2313 1608 2348 char.

51 2376 105 2411 H.
132 2377 207 2419 Bm·
232 2386 278 2410 m.
304 2385 331 2408 c.
359 2384 460 2418 cogn.
486 2384 517 2408 a.
537 2373 600 2408 col.
619 2373 672 2407 ch.
690 2373 740 2408 D.
752 2383 804 2398 ³—-
821 2373 840 2398 h
865 2372 1014 2407 dimidio
1033 2372 1097 2407 Br.
1118 2392 1161 2397 —-
1179 2372 1188 2397 i
1206 2372 1260 2406 ita
1274 2373 1360 2406 tunc
1378 2373 1456 2415 Br,·
1473 2372 1496 2407 i.
1515 2382 1610 2408 nunc

51 2435 102 2470 D.
122 2455 165 2460 —
190 2434 209 2460 k
227 2433 353 2468 devoto
371 2434 437 2468 Br.
464 2452 507 2457 —
530 2433 541 2458 1
559 2435 750 2477 agerentur
775 2433 840 2467 Br.
860 2452 903 2456 —-
924 2440 950 2457 111
967 2432 1102 2467 scheint
1118 2443 1208 2466 corr.
1228 2442 1296 2466 aus
1313 2431 1528 2466 Liafuuinus
1553 2432 1607 2474 A;

51 2494 87 2530 h.
114 2495 258 2529 sanctus
282 2493 322 2528 L.
348 2493 413 2528 Br.
442 2512 484 2517 —-
510 2500 528 2518 ¹1
554 2492 696 2527 domino
713 2493 779 2527 Br.
800 2511 842 2517 —-
869 2499 884 2518 0
911 2493 1044 2526 etenim
1071 2503 1098 2526 r.
1117 2491 1164 2525 D.
1185 2491 1250 2525 Br.
1272 2510 1314 2515 —
1332 2498 1349 2523 Ρ
1366 2491 1415 2526 D.
1434 2491 1498 2525 Br.
1517 2501 1544 2526 s.
1563 2491 1608 2526 h:

52 2552 276 2588 terribiliter.
305 2572 347 2577 -—
385 2560 403 2584 q
429 2551 619 2586 clementia
644 2552 693 2586 D.
719 2552 785 2586 Br.
823 2571 868 2576 -—
905 2559 918 2577 r
943 2551 974 2586 d.
1002 2550 1090 2585 Dav.
1117 2551 1166 2585 D.
1192 2550 1258 2585 Br.
1286 2569 1330 2575 —-
1368 2558 1382 2576 S
1408 2548 1607 2584 Wilbrordo

51 2613 118 2648 Br.
147 2632 190 2637 —
214 2613 228 2638 t
252 2613 290 2646 et
313 2622 348 2656 p.
373 2622 402 2647 c.
427 2612 454 2655 f.
481 2611 527 2646 A.
557 2631 598 2636 -
623 2618 642 2637 ¹1
666 2612 692 2655 f.
718 2611 784 2646 Br.
812 2630 855 2635 —
880 2618 898 2636 v
922 2609 993 2644 chr.
1019 2620 1052 2654 p.
1078 2610 1128 2645 D.
1153 2609 1219 2644 Br.
1247 2629 1290 2634 —
1315 2608 1428 2643 willo
1454 2609 1519 2644 Br.

197 2730 232 2775 1)
257 2729 345 2764 Vita
370 2729 399 2763 Ι.
426 2739 453 2763 c.
482 2730 537 2764 10.

195 2790 231 2831 2)
256 2788 345 2823 Vita
369 2788 399 2822 I.
425 2798 453 2822 c.
481 2790 536 2823 11.
563 2789 617 2823 12.

195 2849 231 2893 3)
256 2847 357 2882 Nach
382 2846 450 2882 den
475 2846 621 2882 Worten
648 2857 715 2881 von
742 2847 818 2882 vita
843 2846 871 2880 1.
893 2847 984 2882 c.12
1013 2845 1439 2891 „eratque—inlustrim‘<
1469 2844 1503 2880 S.
1531 2844 1590 2879 17.

193 2908 230 2952 4)
255 2906 344 2941 vita
367 2906 396 2941 1.
424 2916 452 2940 c.
480 2906 630 2942 13—15.
