1864 3213
59 278 156 322 745.

407 152 510 204 ‘Vita
548 152 696 216 rythm.
729 172 760 202 s.
792 152 986 215 Liudgeri
1018 152 1088 203 let.
1122 152 1154 202 Ῐ.

218 276 342 313 Plures
368 277 589 312 ecclesias
614 277 700 312 fecit
726 279 763 313 et
787 276 944 312 familias

289 337 327 372 in
352 336 501 372 diversis
526 337 611 372 locis
636 337 788 372 Domino
814 337 1002 379 convertit,

218 395 388 432 Condidit
411 397 530 442 aliqua
557 399 591 431 et
617 397 689 431 iam
714 396 951 438 claustricula,

287 456 370 491 istic
395 466 648 498 conversorum,
675 455 750 490 illic
775 466 1030 490 conversarum.

218 515 381 560 Undique
405 515 559 550 seculum
584 516 762 550 convertit
786 514 831 549 ad
856 515 1045 549 Dominum

286 573 480 609 ordinando
505 576 648 618 gratum
672 574 746 609 Deo
771 574 984 609 tamulatum
998 575 1021 609 ¹.

218 634 320 669 Unde
345 636 382 669 et
406 633 613 668 versibus
638 633 868 668 Alchwini
894 631 1155 678 discipulus

287 693 429 739 quidam
457 694 549 728 hunc
575 692 739 728 laudavit
764 695 871 738 atque
897 693 1118 728 salutavit
1130 692 1155 728 ².

217 751 286 787 Sed
311 763 430 787 servus
455 752 612 794 Domini,
638 763 699 787 ens
725 751 838 786 cordis
863 751 1068 793 humillimi,

286 812 436 846 maxime
462 812 616 856 expavit,
643 811 674 846 si
700 812 778 856 quis
807 811 892 845 haec
917 810 1092 846 laudavit.

8 859 103 901 755·
145 872 198 905 16.
214 869 313 905 Sicut
337 870 575 916 praediximus
586 870 610 912 ³,
638 871 674 905 in
702 870 864 905 Traiecto
890 870 1027 915 positus

57 1180 153 1221 760.

56 1489 79 1530 7
85 1488 153 1530 65.

57 1845 153 1887 770.

286 932 361 974 tua,
386 940 405 964 o
430 929 583 971 Albrice,
610 930 647 964 in
671 930 866 974 autumpno
893 930 978 971 viee,

216 988 350 1023 Obnixe
375 988 519 1030 fecerat,
546 990 867 1034 quantumcumque
892 990 1034 1033 poterat

286 1058 402 1082 coram
426 1047 535 1082 Jhesu
560 1046 702 1083 Christo
727 1046 817 1082 fidus
842 1047 880 1081 in
905 1047 1099 1083 commisso.

216 1118 265 1153 Et
301 1118 392 1164 quod
431 1118 613 1156 servierat,
639 1107 885 1161 autumpnus
916 1106 1135 1149 transierat

288 1179 347 1221 ibi
377 1179 420 1220 in
451 1179 634 1221 Traiecto
666 1177 861 1232 septimus
893 1178 1084 1231 profecto,

217 1248 265 1284 Et
290 1260 366 1284 ecce
391 1249 613 1284 Saxonum
639 1247 725 1283 dux
750 1247 866 1283 adhuc
892 1247 1165 1292 gentilium,

288 1307 579 1343 Widikindus
603 1318 772 1351 magnum
798 1308 912 1342 oritur
938 1307 974 1341 in
1001 1306 1209 1352 dampnum:

216 1380 294 1415 Dux
319 1381 388 1415 iste
426 1368 602 1423 perfidus
634 1378 797 1420 Frisiam,
825 1390 929 1424 quam
956 1379 1107 1414 Karolus

286 1440 424 1474 censuit
449 1439 619 1480 converti,
646 1438 786 1474 censuit
810 1439 976 1483 perverti.

215 1498 340 1534 Idola
364 1498 482 1539 recoli,
508 1498 604 1532 eccl
618 1498 738 1532 esias
765 1497 926 1533 destrui4

284 1559 456 1602 iusserat
486 1559 690 1614 malignus
722 1571 791 1604 iste
816 1569 1055 1606 widikindus.

216 1631 262 1672 In
294 1630 424 1684 ipsum
458 1630 653 1672 Karolum
692 1631 880 1684 produxit
910 1632 1142 1684 exercitum,

284 1701 353 1743 sed
385 1702 536 1744 virtute
568 1702 644 1743 Dei
675 1703 863 1745 restitum
896 1703 957 1744 est
988 1703 1025 1744 ei
1040 1704 1070 1754 ⁵,

215 1773 332 1824 Unde
363 1774 404 1815 et
434 1773 620 1827 plurimis
652 1773 745 1815 hinc
778 1774 818 1815 et
849 1773 944 1816 inde
976 1774 1115 1828 preliis

289 1845 495 1899 perierunt
527 1844 657 1886 multa
688 1845 842 1886 Frisiae
875 1837 1099 1887 coniuncta.

216 1913 244 1949 O
271 1917 356 1949 tunc
381 1925 449 1960 quo
475 1916 605 1956 anima,
632 1925 651 1949 o
677 1917 762 1950 tunc
789 1927 856 1961 quo
881 1916 1027 1961 pacifica

284 1985 382 2008 mens
407 1973 577 2019 Liudgeri
604 1975 702 2016 isset,
729 1974 812 2009 dum
838 1975 901 2010 hec
925 1975 1185 2020 perspexisset?

216 2032 244 2068 Ο
271 2035 424 2079 quantas
448 2034 611 2069 lacrimas
637 2034 740 2069 homo
769 2036 911 2069 sanctus
936 2034 1089 2077 fuderat,

284 2092 407 2128 videns
437 2105 535 2128 suam
561 2096 703 2138 gentem
732 2094 786 2129 ita
811 2095 1031 2136 morientem,

55 2143 150 2185 775.
211 2153 305 2187 Nam
329 2154 443 2187 morto
469 2152 600 2198 duplici
625 2153 808 2198 perierunt
833 2153 952 2198 populi

284 2211 390 2247 idolis
415 2214 453 2248 et
478 2212 595 2255 armis,
623 2213 761 2248 animae
787 2215 824 2248 et
850 2213 975 2248 carnis.

145 2320 223 2355 748.
249 2318 358 2354 isthic
383 2319 476 2355 Bozz.
504 2339 546 2344 —
574 2319 652 2354 755.
679 2330 769 2356 corr.
795 2320 836 2355 in
861 2321 1031 2355 autumno
1059 2318 1100 2354 T.

1473 157 1553 203 157

148 2439 182 2483 1)
207 2438 294 2473 Vita
319 2439 348 2473 Ι.
375 2449 404 2475 c.
440 2440 493 2474 19.
524 2458 565 2463 —
593 2439 628 2484 2)
654 2439 741 2474 Vita
760 2439 788 2474 I.
814 2450 842 2474 c.
874 2439 928 2481 19,
958 2438 1126 2485 leydener
1155 2438 1349 2475 Handschr.
1378 2460 1420 2465 —
1446 2441 1484 2484 3)
1509 2440 1552 2477 V.

3 2499 71 2533 673
97 2498 121 2533 f.
149 2518 190 2524 —-
218 2498 254 2537 4)
279 2497 366 2532 Vita
391 2498 418 2533 I.
445 2508 473 2533 c.
500 2499 555 2533 21.
583 2518 625 2523 --
653 2499 688 2544 5)
715 2498 800 2532 Zum
826 2498 933 2532 Jahre
961 2498 1039 2539 784,
1073 2498 1110 2533 in
1136 2498 1302 2533 welchem
1327 2498 1441 2535 dieser
1465 2499 1552 2535 Auf-

3 2556 108 2591 stand
134 2557 194 2591 dei·
219 2556 373 2591 Saehsen
398 2556 469 2591 und
496 2556 640 2592 Friesen
667 2556 858 2597 stattfand,
897 2555 957 2591 der
994 2556 1084 2591 auch
1121 2556 1278 2602 Liudger
1303 2558 1468 2600 vertrieb,
1494 2558 1552 2593 be-

2 2615 141 2650 richten
167 2615 222 2650 die
248 2616 411 2650 Annalen
436 2627 502 2650 nur
528 2615 588 2650 das
614 2616 865 2651 Reitertreffen
892 2627 936 2650 an
964 2615 1024 2650 der
1054 2616 1164 2660 Lippe
1190 2616 1239 2651 im
1265 2617 1445 2662 Dreingau
1470 2618 1552 2652 zwi-

3 2674 106 2708 schen
134 2674 212 2709 dem
238 2675 524 2719 gleichnamigen
552 2674 666 2709 Sohne
692 2675 796 2709 Karls
822 2674 893 2709 und
920 2673 986 2709 den
1007 2674 1224 2720 WestfaIem
1251 2675 1332 2710 dass
1357 2675 1551 2711 widukind

2 2734 211 2775 theilnahm,
238 2735 287 2768 ist
312 2733 506 2777 allerdings
532 2733 657 2768 hochst
683 2733 986 2773 wahrscheinlich‚
1023 2732 1110 2767 doch
1148 2733 1266 2769 diirfte
1304 2734 1365 2770 der
1401 2735 1550 2770 Dichter

3 2792 108 2827 kaum
133 2792 245 2828 dieses
275 2792 441 2833 Gefecht,
479 2791 541 2827 das
578 2792 687 2827 letzte
713 2793 760 2827 im
799 2795 916 2827 ersten
954 2791 1078 2826 Theile
1116 2792 1176 2827 des
1212 2803 1357 2838 grossen
1382 2794 1551 2829 Sachsen-

3 2851 151 2896 krieges,
178 2853 227 2886 im
253 2852 352 2896 Auge
389 2851 514 2895 haben,
554 2852 618 2887 wie
652 2851 708 2886 die
747 2851 936 2895 folgenden
975 2851 1165 2895 allgemein
1201 2852 1416 2896 gehaltenen
1442 2852 1550 2889 Verse

2 2911 134 2956 zeigen.
