1864 3213
493 135 592 177 Vita
623 134 772 190 rythm.
806 147 839 186 s,
871 134 1067 189 Liudgeri
1105 133 1177 175 let.
1209 132 1241 175 Ι.
1561 132 1644 173 167

303 251 470 296 Quesitus
494 252 620 296 igitur,
646 252 838 286 nuncius
863 251 1046 295 dirigitur,

373 311 521 346 claustri
547 310 589 346 de
615 321 765 345 caverna
791 313 850 345 eat
875 313 916 345 ut
941 310 1149 351 lucerna,

302 370 362 414 Et,
386 371 428 405 ut
458 381 478 404 a
502 370 655 404 Domino
681 368 815 404 dictum
841 372 897 404 est
908 371 932 411 ¹,
958 368 1024 404 sub
1049 368 1150 403 modo

113 419 238 463 1030.
372 439 568 474 numquam
600 429 649 463 sit
674 434 796 473 operta
821 428 968 473 lampas,
999 428 1059 463 sed
1085 429 1218 473 aperta.

300 499 394 535 Hinc
424 489 542 531 lectis
572 488 723 530 litteris
756 499 955 543 Liudgerus
980 510 1051 534 non
1077 497 1188 533 rediit

371 570 435 594 nec
460 558 629 593 mandato
654 559 751 602 regis
781 559 907 593 statim
938 557 1132 603 adquievit.

301 631 439 665 Revera
472 619 606 661 curiae
638 630 800 664 intentus
826 629 1095 669 monachicae,

369 691 413 732 in
446 704 524 744 qua
557 702 695 745 regem
726 703 868 744 regum
902 690 1028 732 sensit
1061 689 1266 731 Christum
1297 687 1442 737 Deum,

87 761 238 804 1035.
301 760 382 803 Ubi
414 761 609 815 inspectio
641 761 725 803 eius
758 762 798 803 et
829 760 1006 809 dilectio,

372 832 441 874 ubi
474 834 701 874 eternorum
739 832 918 873 studium
951 832 1158 881 honorum,

300 902 383 945 Ubi
414 903 518 945 hanc
549 903 728 956 requiem
759 902 823 944 vel
855 902 968 943 illius
1002 903 1188 956 speciem,

371 986 471 1028 quae
502 975 562 1016 est
594 974 636 1015 in
668 973 864 1027 supernis,
898 986 1010 1015 mens
1041 973 1159 1015 beata
1191 971 1332 1022 cernit,

302 1044 389 1098 Qua
422 1045 688 1087 diversorium
721 1044 878 1085 nullum
911 1044 991 1085 nisi
1023 1044 1201 1085 omnium

113 1117 237 1160 1040.
376 1115 424 1156 ‹lsx
455 1128 497 1158 re
529 1128 766 1169 unaquaque
796 1128 953 1169 semper
984 1115 1057 1157 sub
1089 1115 1250 1164 abbate,

300 1186 382 1228 Ubi
413 1198 491 1228 non
524 1186 672 1236 deficit,
705 1186 809 1239 quod
841 1187 1009 1227 naturae
1041 1185 1206 1236 sufficit,

370 1257 441 1299 ubi
472 1257 588 1298 luxus
620 1257 762 1298 mundi
795 1258 951 1310 spretus
984 1257 1044 1298 est
1075 1256 1274 1306 inmundi,

300 1328 382 1371 Ubi
413 1328 624 1382 pauperies
657 1329 796 1370 sancta
829 1329 889 1369 est
920 1327 1109 1369 materies

368 1399 499 1441 sobrie
530 1398 693 1439 vivendi
725 1399 814 1452 post
845 1411 1049 1452 egressum
1084 1397 1238 1448 mundi,

112 1469 238 1511 1045.
300 1469 383 1512 Ubi
414 1469 670 1511 humillimus
703 1468 810 1511 inest
842 1470 948 1511 color
980 1469 1172 1519 vestibus,

369 1541 443 1583 hoc
475 1541 536 1582 est
567 1540 683 1594 niger
715 1541 814 1582 satis
846 1553 1002 1594 semper
1028 1540 1240 1582 cucullatis
1259 1541 1286 1590 2,

301 1610 389 1664 Qua
420 1613 528 1654 artes
559 1612 695 1653 variae
727 1612 873 1666 fugant
903 1612 1059 1653 hostem
1092 1611 1248 1653 animae

372 1683 638 1733 ociositatem,
671 1683 801 1724 iussae
832 1696 903 1736 per
933 1683 1134 1733 abbatem,

303 1752 390 1814 Qua
421 1753 691 1795 multifariam
726 1766 883 1795 omnem
915 1755 1097 1796 sanctam
1129 1753 1320 1808 paginam

110 1823 237 1866 1050.
372 1824 547 1866 recitant
578 1826 814 1867 cunctarum
846 1825 1005 1867 famina‘
1031 1826 1278 1880 linguarum,

299 1894 380 1937 Ubi
411 1908 481 1949 per
511 1896 693 1938 litteram
724 1909 837 1938 mens
873 1896 916 1937 in
947 1897 1199 1951 allegoriam,

369 1967 439 2008 ubi
470 1979 540 2020 per
572 1967 764 2009 virtutem
797 1967 912 2009 vadit
949 1967 990 2008 in
1023 1968 1234 2017 virtutem,

301 2037 387 2090 Qua
419 2037 548 2080 modis
581 2038 767 2080 dulcibus
800 2040 840 2080 et
871 2039 986 2080 miris
1018 2039 1275 2081 concentibus

370 2110 521 2160 sancta,
554 2122 629 2163 que
660 2110 866 2164 leguntur,
899 2110 1020 2151 etiam
1056 2112 1284 2160 cantantur,

228 2271 330 2306 1045.
355 2272 451 2307 inest
475 2273 568 2307 color
593 2284 683 2309 corr.
712 2274 751 2308 T.

230 2461 265 2506 1)
290 2461 422 2496 Matth.
449 2462 481 2503 ὃ,
508 2462 571 2504 15;
597 2462 704 2496 Marc.
730 2463 764 2504 4,
790 2463 846 2498 21.

224 2520 261 2564 2)
287 2520 355 2555 Die
380 2520 493 2556 Farbe
520 2521 580 2556 der
606 2522 753 2562 cuculla,
781 2523 876 2556 eines
902 2522 1028 2556 weitcn
1050 2521 1243 2557 Gewandes
1268 2523 1337 2557 mit
1362 2523 1458 2557 einer
1483 2523 1637 2568 Kapuze,

84 2576 147 2612 das
171 2577 258 2614 iiber
283 2578 362 2614 dem
399 2580 696 2624 Untergewande,
735 2580 795 2615 der
832 2582 964 2622 tunica,
1008 2584 1181 2625 getragen
1219 2581 1348 2622 wurde,
1386 2593 1457 2616 war
1495 2582 1637 2617 vordem

83 2636 197 2678 weiss,
224 2639 344 2681 spater
369 2640 442 2673 erst
467 2639 631 2674 schwarz.
679 2639 750 2674 Der
790 2639 823 2674 S.
852 2641 918 2675 164
943 2640 984 2674 A.
1011 2641 1032 2674 3
1059 2641 1240 2675 erwahnte
1265 2640 1367 2675 Brief
1389 2644 1491 2685 sagt:
1541 2641 1637 2676 Illud

83 2697 205 2730 autem
243 2697 508 2739 vestimentum,
547 2698 637 2743 quod
675 2709 695 2732 a
734 2698 929 2733 Gallicanis
966 2699 1147 2734 monachis
1182 2700 1319 2734 cuculla
1355 2699 1487 2735 dicitur
1512 2704 1549 2735 et
1573 2712 1637 2736 nos

83 2764 228 2799 cappam
254 2766 428 2797 vocamus,
466 2756 557 2802 quod
591 2758 733 2801 propiae
766 2758 1014 2792 monachorum
1052 2757 1219 2802 designat
1256 2759 1431 2800 habitum,
1470 2761 1636 2795 melotem

83 2813 261 2857 appellare
278 2813 454 2855 debemus,
473 2816 565 2850 sicut
591 2815 655 2861 (et)
682 2819 826 2851 actenus
853 2818 888 2851 in
907 2817 975 2851 hac
999 2818 1178 2861 provincia
1204 2829 1224 2852 a
1247 2818 1459 2863 quibusdam
1492 2821 1637 2854 vocatur

84 2870 207 2915 (Jaflez
233 2872 327 2908 Bibl.
352 2874 414 2908 IV.
440 2875 534 2919 362).
