1801 3213
154 164 262 206 260
635 164 837 207 Cincinnii
878 163 963 206 vita
995 177 1025 206 s.
1058 164 1268 219 Liudgeri.

282 403 451 447 Incipit
480 412 587 447 pars
618 403 744 447 prior
773 403 912 439 huius
944 403 1066 448 libri,
1098 414 1188 448 que
1221 406 1290 440 est
1322 405 1378 440 de
1407 404 1501 440 vita
1532 403 1625 441 divi

763 473 962 518 Ludgeri
994 499 1004 509 .

316 574 443 619 Caput
467 574 655 619 primum.
703 574 756 609 De
783 573 897 609 nobili
925 574 1139 619 Werisingo,
1169 585 1234 609 avo
1259 574 1359 610 beati
1385 575 1466 616 viri,
1491 577 1533 610 ut
1559 586 1598 610 ex
1623 575 1730 610 Phri-

172 635 225 669 sia
251 633 294 668 ob
320 633 548 678 tyrannidem
572 633 730 668 Ratbodi
755 634 850 678 regis
874 634 913 668 in
938 634 1173 669 Brabantiam
1198 634 1420 678 migraverit.

314 704 542 748 Tempestate
568 715 619 746 ea,
646 715 715 749 qua
740 704 947 749 Pippinus
971 705 1106 749 primus
1132 716 1171 739 eo
1196 705 1339 739 nomine
1365 704 1439 739 dux
1463 705 1566 749 regni
1591 704 1733 740 Fran-

171 786 340 817 corum,
367 775 531 810 Karoli
557 774 733 820 quondam
764 764 951 806 Marcelli
983 777 1086 819 pater
1111 786 1151 810 ac
1175 775 1321 820 Pippini
1355 776 1450 819 regis
1475 786 1562 810 avus
1586 776 1728 819 magni-

171 858 238 893 que
262 847 356 891 regis
381 846 505 881 Karoli
530 857 693 891 proavus.
720 845 872 890 primum
898 856 1039 889 regno
1065 845 1278 880 Francorum
1303 846 1583 891 potiebatur1‚
1618 836 1727 878 Circa

169 920 320 950 annum
367 906 524 948 scilicet
566 905 718 947 Christi
759 906 1094 948 sexcentesimum
1133 907 1452 960 octuagesimum
1492 906 1678 949 octavum
1697 907 1724 958 2,

170 978 332 1020 sedente
366 990 519 1030 quoque
552 977 591 1017 in
624 977 806 1018 Romana
837 976 930 1018 sede
953 976 1092 1031 Sergio
1125 989 1282 1019 summo
1314 977 1500 1031 pontifice
1517 978 1546 1028 3,
1578 999 1725 1034 cumque

169 1058 337 1093 videlicet
362 1059 436 1094 Deo
464 1058 579 1093 dediti
605 1058 688 1099 viri,
714 1057 814 1092 beati
839 1058 883 1092 W
893 1059 906 1092 i
916 1058 928 1092 l
938 1057 1004 1092 lib
1015 1070 1030 1092 1·
1041 1069 1060 1092 o
1070 1070 1087 1092 1·
1097 1058 1118 1092 (1
1129 1070 1150 1092 u
1161 1070 1194 1099 3,
1231 1047 1441 1090 &libertus
1467 1069 1484 1093 e
1496 1060 1513 1094 t
1538 1058 1568 1092 B
1578 1069 1597 1093 o
1607 1070 1631 1093 n
1641 1059 1654 1093 i
1663 1059 1725 1094 fa-

168 1117 184 1152 f
192 1129 212 1152 a
222 1119 286 1152 eiu
296 1129 311 1152 3
337 1128 377 1152 ex
410 1117 440 1152 A
452 1129 474 1151 n
485 1128 509 1162 g
518 1118 568 1151 lia
579 1119 593 1136 4
618 1116 767 1162 profecti
792 1118 945 1162 primum
971 1117 1108 1153 Christi
1139 1128 1266 1151 nomen
1291 1117 1460 1161 gentibus
1485 1117 1661 1153 Saxonum
1687 1120 1725 1152 et

167 1177 379 1211 Phrisonum
404 1176 584 1221 predicare
610 1177 785 1220 cepissent
796 1177 820 1216 ⁵,
849 1188 865 1211 1·
876 1187 893 1211 e
904 1187 928 1220 g
938 1179 1047 1211 nante
1073 1177 1109 1210 in
1140 1177 1352 1211 Phrisonum
1387 1178 1495 1220 gente
1520 1177 1551 1211 R
1561 1187 1581 1212 a
1592 1178 1608 1211 t
1617 1176 1640 1212 b
1651 1188 1670 1212 ο
1680 1176 1723 1212 (10

169 1239 333 1282 tyranno,
365 1239 443 1271 erat
467 1236 601 1270 ibidem
627 1237 699 1270 vir
728 1236 907 1270 nobilis
934 1235 1175 1280 Werisyngus.
1203 1263 1210 1270 .
1238 1263 1245 1270 .
1275 1264 1280 1270 .

310 1294 436 1340 Caput
462 1294 691 1330 secundnm.
741 1295 792 1329 Ut
832 1295 1054 1338 Tiatgrimus
1092 1295 1186 1329 filius
1217 1305 1237 1329 a
1261 1297 1364 1339 patre
1400 1297 1529 1339 rogatu
1566 1295 1722 1330 Ratbodi

168 1355 264 1398 regis
291 1354 334 1388 ad
362 1365 440 1389 eum
466 1355 504 1388 in
530 1354 706 1388 Phrisiam
733 1354 860 1388 missus
886 1354 996 1388 fuerit
1023 1382 1029 1388 .
1057 1381 1064 1388 .
1094 1381 1101 1389 .

311 1448 319 1455 .
355 1447 363 1456 .
399 1448 407 1456 .
443 1448 451 1456 .
485 1415 546 1456 De
578 1415 734 1468 prefato
767 1415 902 1456 autem
935 1428 1029 1469 rege
1061 1415 1244 1456 Ratbodo
1276 1415 1393 1467 plura
1425 1415 1506 1456 alia
1542 1415 1721 1470 insignia

165 1484 355 1539 legimus.
418 1486 475 1527 Ut
506 1485 698 1528 videlicet
729 1486 814 1539 ipse
846 1486 1022 1527 crudelis
1060 1488 1256 1540 tyrannus
1288 1486 1437 1539 impius
1469 1500 1515 1528 ao
1546 1486 1721 1540 perfidus

167 1557 547 1610 strenuissimusque
595 1557 767 1598 idolatra
808 1557 980 1610 quodam
1019 1560 1197 1610 tempore
1243 1558 1401 1610 proprie
1439 1558 1583 1599 salutis
1629 1570 1721 1600 eon-

165 1628 328 1681 temptu
360 1629 481 1682 pedes
514 1641 602 1669 suos
636 1628 683 1669 de
716 1641 826 1669 sacro
857 1628 1116 1681 baptismatis
1148 1628 1260 1670 fonte
1290 1628 1539 1679 retraxerit‚‘
1564 1628 1719 1671 malens

166 1711 257 1741 cum
289 1700 474 1753 pluribus
505 1699 706 1752 reprobris
747 1699 797 1740 ad
838 1699 987 1742 inferos
1029 1699 1269 1741 descendere
1307 1711 1426 1752 quam
1459 1712 1551 1741 cum
1582 1699 1720 1752 paucis

165 1770 447 1812 salvandorum
486 1771 590 1812 celos
623 1771 775 1811 intrare
790 1771 816 1810 ⁶.
880 1769 998 1811 Unde
1031 1770 1197 1823 quidam
1232 1783 1311 1812 non
1350 1770 1539 1812 inmerito
1571 1770 1645 1812 hoc
1676 1770 1720 1812 in

166 1840 297 1894 ipsum
331 1841 532 1883 distichon
566 1841 794 1883 exclamans
827 1840 906 1882 ait:

384 1911 440 1963 „O
473 1912 595 1962 iocus,
629 1925 650 1952 o
683 1911 815 1952 dirum
848 1912 925 1952 tibi
957 1911 1213 1954 formidabile
1246 1925 1401 1965 semper

373 1983 578 2037 Elogium,
611 1982 807 2032 RatImde,
841 1982 956 2022 tuum
982 1983 1071 2035 post
1103 1982 1237 2024 tristia
1269 1984 1412 2025 fata“.
1449 2016 1456 2024 .
1493 2016 1502 2024 .

305 2051 431 2096 Caput
456 2052 638 2088 tertium.
689 2051 738 2086 Ut
770 2051 902 2086 nobilis
937 2054 1039 2096 pater
1069 2051 1301 2097 Werisyngus
1334 2063 1356 2087 a
1387 2052 1517 2087 Karolo
1550 2053 1718 2088 Marcello

160 2110 330 2146 beneficio
349 2112 386 2145 in
404 2111 557 2152 Phrisia,
584 2112 741 2146 extincto
760 2110 921 2145 Ratbodo
940 2110 1102 2151 donatus,
1130 2111 1205 2145 11110
1227 2123 1346 2146 rursus
1364 2111 1519 2146 directus
1536 2112 1647 2147 fuerit
1660 2139 1667 2147 .
1684 2139 1692 2147 .
1707 2139 1717 2148 .

304 2197 456 2206 .....
483 2171 626 2205 Interea
654 2171 781 2214 quippe
808 2170 939 2204 nobilis
975 2172 1076 2214 pater
1102 2169 1335 2215 Werisyngus
1360 2171 1598 2215 primogenito
1624 2171 1716 2206 filio

159 2241 416 2285 Nortgrimo
451 2252 632 2276 uxorem
671 2240 845 2285 quandam
877 2230 1053 2271 nobilem
1086 2230 1127 2270 il]
1159 2230 1331 2272 Francia
1362 2242 1527 2286 coniugio
1552 2241 1716 2284 tradidit,

160 2312 392 2346 similiter
417 2315 463 2346 et
488 2290 617 2346 tribus
643 2312 829 2346 filiabus
853 2312 925 2346 suis
944 2313 1010 2346 tris
1034 2301 1230 2355 ingenUOS
1256 2312 1349 2347 viros
1374 2302 1528 2355 pariter
1548 2303 1588 2344 eb
1610 2302 1716 2344 Chri-

160 2373 368 2414 stianismo
411 2373 626 2427 insignitos
668 2385 712 2414 ex
750 2372 911 2414 Phrisia
943 2372 1129 2414 Ol'iundOS
1166 2384 1357 2418 associavit
1370 2385 1392 2418 ⁷.
1428 2384 1537 2418 Porro
1563 2384 1715 2420 Karolus

301 2550 335 2584 D
361 2548 447 2582 Vita
473 2548 498 2582 I.
528 2559 557 2585 c,
583 2549 616 2583 4.
644 2568 686 2572 —-
714 2550 748 2583 23
775 2548 895 2582 Durch
930 2548 995 2582 den
1030 2547 1115 2591 Sieg
1152 2547 1209 2582 bei
1249 2548 1367 2582 Testri
1404 2559 1449 2582 an
1479 2547 1540 2582 der
1575 2549 1712 2584 Somme

159 2607 228 2641 68?
255 2606 373 2641 wurde
399 2607 529 2650 Pippin
558 2607 747 2650 alleiniger
773 2606 1012 2650 Majordomus
1042 2606 1102 2640 des
1127 2606 1437 2641 Frankenreiches.

299 2666 334 2709 3)
363 2665 506 2708 Sergius
532 2665 560 2700 I.
589 2666 784 2700 &ST—101.
813 2685 856 2690 —
881 2666 917 2710 4)
944 2666 1030 2699 Vita
1056 2665 1103 2699 ΙΙ.
1124 2676 1150 2699 c.
1173 2667 1202 2699 1.
1231 2685 1272 2689 —
1302 2665 1437 2710 5)Vg1.
1464 2667 1541 2700 vita.
1558 2667 1605 2701 II.
1632 2677 1659 2700 c.
1680 2668 1711 2702 1.

299 2728 332 2768 b')
359 2724 474 2758 Ueber
500 2723 594 2758 diesc
619 2724 799 2758 mehrfaeh
825 2724 1071 2758 iibermittelte
1097 2724 1169 2758 und
1195 2723 1482 2759 rielbestrittene
1508 2725 1713 2770 Erziihlung

157 2782 229 2826 vgl.
255 2783 449 2826 Rettberg:
488 2783 761 2826 Kirchcngesch.
792 2783 1055 2817 Deutschlands
1082 2783 1130 2817 ΙΙ.
1159 2783 1227 2817 514
1239 2783 1274 2817 ff.
1301 2782 1370 2817 und
1399 2783 1561 2828 dagegen
1586 2785 1711 2819 Alber-

156 2840 426 2885 dingk-Thijm:
475 2841 546 2875 Der
572 2842 620 2875 hl.
648 2841 856 2875 Willibrord
887 2841 1069 2884 &deutsche
1095 2841 1277 2886 Ausgabe)
1304 2842 1338 2876 S.
1366 2842 1410 2877 98
1427 2842 1461 2877 ff.

299 2901 331 2937 ῖ)
359 2900 444 2933 Vita
470 2900 497 2934 Ι.
525 2911 550 2934 e.
581 2901 610 2934 ἶ).
