1801 3213
220 140 308 182 240
720 123 903 180 Libellus
935 136 1278 179 Monasteriensis.

220 256 409 311 sompnis,
444 256 575 310 quoda
605 255 774 309 quedam
807 267 901 296 crux
923 266 1044 307 prope
1076 254 1296 296 Emesam²
1327 254 1492 306 staretb,
1525 266 1658 297 coram
1690 267 1771 309 qua

219 339 387 381 puerum
435 326 652 380 ponderare
695 325 869 367 deberet.
932 324 1050 366 Vidit
1090 324 1131 365 et
1176 336 1294 367 mane
1339 337 1429 367 cum
1475 325 1559 367 filio
1603 326 1644 367 et
1675 325 1772 368 aliis

219 397 406 440 undecim
439 397 516 439 iter
547 408 713 450 peregre
739 394 938 448 arripuitc
970 396 1010 436 et
1038 394 1204 436 tandem
1236 395 1400 437 veniens
1435 395 1545 437 Rene
1563 396 1578 420 2
1609 395 1771 448 didicit,

218 467 288 509 ubi
321 480 416 510 crux
450 468 566 510 esset.
649 465 825 519 Cumque
858 465 1034 516 domum,
1069 465 1139 508 ubi
1171 477 1264 507 crux
1295 465 1388 516 fuit,
1434 465 1639 518 intrasset,
1670 479 1798 520 puer.

218 537 458 580 infirmitate
491 550 562 579 sua
594 537 821 590 correptus,
869 549 987 590 super
1017 536 1169 577 terram
1201 536 1459 578 volutabatur
1490 537 1765 580 moribundus

219 608 252 651 Ο
283 609 350 662 pia
382 607 629 650 sanctissimi
660 607 896 649 confessoris
928 606 1095 648 merita!
1156 607 1280 657 Auro,
1317 607 1485 662 argento
1517 607 1773 661 diversisque

216 679 311 721 ante
343 691 502 721 crucem
533 678 764 732 ponderatis
796 677 974 728 cibariis,
1006 677 1266 732 integerrime
1298 678 1360 719 est
1390 679 1565 721 curatus.
1613 677 1772 730 Quibus

216 750 259 791 in
291 762 356 791 ore
387 749 607 790 multorum
631 748 785 802 positis,
819 748 955 790 delata
978 761 1107 800 cruce,
1139 748 1245 789 sicut
1265 747 1451 800 diximus,
1474 748 1766 790 Monasterium

216 820 370 862 multus
401 819 453 861 ad
486 832 572 861 eam
605 819 684 860 fuit
713 819 876 861 factusd
907 831 1133 861 concursus.
1197 817 1370 871 Quidam
1402 819 1538 861 autem
1569 819 1673 861 forte
1703 820 1771 860 at-

216 890 456 933 tendentese
488 890 591 931 illud
622 890 875 932 Johannis32
915 889 1183 941 „cm-issimis,
1201 889 1328 932 nolite
1350 890 1458 932 omni
1489 889 1651 944 spiritui
1681 901 1771 932 cre-

217 961 323 1012 dere,
357 961 426 1003 sed
457 962 622 1014 probate
654 960 845 1014 spiritus,
878 960 912 1003 si
944 973 989 1002 ex
1027 960 1112 1002 Deo
1144 961 1281 1011 sunt“,
1329 962 1541 1003 suaserunt
1571 961 1769 1014 episcopo,

214 1034 261 1074 ut
292 1033 461 1086 probare
493 1031 668 1082 faceret,
716 1032 812 1085 quid
859 1032 902 1073 in
933 1044 1049 1074 cruce
1081 1033 1197 1074 esset.
1260 1031 1327 1073 Ad
1358 1032 1461 1086 quod
1493 1031 1768 1085 exequendum

215 1116 307 1145 cum
339 1103 420 1144 iam
453 1103 538 1145 dies
564 1102 712 1155 prefixa
737 1103 854 1153 esset,
888 1103 996 1144 Deus
1019 1115 1135 1144 suum
1168 1102 1340 1153 addidit,
1374 1107 1415 1144 et
1445 1115 1601 1144 omnem
1634 1101 1770 1144 ambi—

215 1174 416 1228 guitatem
448 1173 614 1228 gracia&
644 1173 815 1215 removit
846 1173 1132 1215 miraculorum
1167 1173 1422 1215 certitudine.

355 1244 425 1286 41¹.
488 1244 583 1285 Fuit
615 1244 778 1297 quidam
810 1257 908 1297 puer
938 1244 1176 1286 Monasterii
1209 1244 1353 1286 debilis
1387 1256 1501 1286 crure
1533 1243 1767 1297 duobusque

212 1315 390 1357 innitens
423 1314 590 1356 baculis.
624 1315 702 1356 Hic
733 1315 865 1357 tribus
896 1315 1117 1357 continuisi
1147 1315 1333 1356 noctibus
1364 1315 1468 1357 vidit
1499 1315 1541 1356 in
1573 1313 1762 1368 sompnis,

213 1385 318 1440 quod
350 1385 513 1439 quidam
547 1398 669 1427 canus
701 1386 795 1427 vir4
826 1386 1036 1428 accederet
1073 1385 1125 1427 ad
1161 1398 1255 1427 eum
1297 1386 1337 1427 et
1368 1385 1597 1427 extraheret
1628 1385 1664 1426 ei
1696 1384 1764 1427 de-

213 1457 296 1499 bile
329 1469 419 1499 crus
449 1458 489 1498 et
520 1456 663 1507 abiret,
695 1456 799 1510 quod
829 1457 1017 1508 nesciret,
1049 1469 1125 1510 quo
1160 1456 1381 1499 deveniret.
1433 1456 1551 1499 Unde
1581 1456 1762 1507 territus,

213 1527 319 1570 sicut
349 1527 563 1570 videbatur
596 1528 645 1579 ei,
677 1540 748 1581 pre
779 1528 967 1570 molestia
997 1528 1159 1570 sudavit
1198 1528 1239 1570 et
1268 1527 1395 1570 iacuit
1426 1527 1468 1569 in
1500 1527 1640 1578 extasi,
1671 1528 1764 1569 tan-

212 1597 381 1652 demque
411 1598 573 1652 recepta
604 1599 738 1641 mente
770 1598 946 1641 clamare
982 1599 1111 1652 cepit;
1158 1599 1199 1640 et
1228 1598 1365 1652 utique
1398 1598 1614 1649 clamavit,
1659 1597 1764 1652 quod

212 1669 280 1723 qui
311 1669 418 1711 circa
449 1681 540 1711 eum
572 1670 686 1711 erant
717 1669 1030 1726 evigilaverunt.
1073 1669 1251 1722 Quorum
1282 1669 1447 1723 quidam
1479 1669 1606 1712 eciam
1637 1669 1764 1712 tercia,

210 1741 326 1782 nocte
358 1739 617 1795 indignatus,
659 1740 762 1794 quod
794 1741 853 1782 ita
885 1741 926 1781 in
958 1741 1135 1794 sompnis
1172 1753 1213 1782 se
1244 1740 1425 1791 haberet,
1458 1740 1639 1795 graviter
1669 1752 1762 1782 eum

211 1811 418 1865 corripuit.
481 1812 636 1853 Audita
668 1813 804 1853 autem
825 1811 979 1853 visione
1010 1811 1211 1865 persuasit
1241 1811 1291 1862 ei,
1324 1810 1427 1865 quod
1458 1823 1614 1853 summo
1644 1822 1763 1853 mane

210 1881 262 1923 ad
294 1881 492 1936 capeilam
525 1883 655 1924 sancti
686 1882 924 1924 confessoris
954 1881 1034 1923 iret
1070 1883 1111 1923 et
1152 1894 1242 1923 eum
1273 1882 1492 1924 invocaret.
1554 1881 1669 1934 Quod
1699 1881 1764 1924 fa-

211 1953 319 1995 ciens
351 1966 423 1995 nec
456 1953 525 1994 diu
558 1966 691 1995 coram
738 1965 853 1995 cruce
902 1953 943 1994 in
975 1952 1153 1995 oratione
1184 1953 1406 2006 prostratus
1438 1952 1589 2004 iacuit,
1635 1953 1761 2007 quink

211 2024 378 2066 sudaret
409 2026 449 2066 et
481 2023 616 2066 dolore
647 2024 817 2078 quodam
849 2037 919 2078 per
950 2023 1085 2066 omnia
1117 2024 1299 2065 membra
1329 2036 1402 2065 sua
1433 2023 1588 2075 diffuso,
1620 2024 1664 2066 in
1696 2036 1762 2066 ex-

210 2094 291 2136 tasi
322 2095 483 2137 iaceret.
546 2094 722 2137 Rediens
755 2094 882 2136 eciam
914 2085 1080 2137 tandem
1111 2094 1163 2136 ad
1195 2107 1236 2136 se
1268 2094 1375 2148 cepit
1405 2094 1581 2138 clamare
1612 2096 1653 2137 et
1683 2094 1764 2137 cir-

210 2165 506 2207 cumstantibus
538 2165 693 2208 dicere:
744 2165 889 2218 ,Quare
921 2165 1152 2220 confrigitis
1183 2165 1309 2208 michi
1340 2168 1475 2208 crus.9⁶
1523 2165 1593 2207 Illi
1622 2167 1759 2208 autem

210 2237 455 2287 asserentes,
499 2237 593 2290 quia
623 2249 696 2278 nec
728 2249 819 2278 eum
851 2237 1088 2291 tangerent,
1129 2237 1396 2278 hortabantur
1429 2237 1480 2278 ad
1512 2236 1760 2290 pacienciam

351 2372 367 2390 a
393 2365 476 2410 quia
500 2365 592 2400 Bozz.
620 2385 664 2389 -—
689 2365 705 2390 b
731 2364 808 2400 Em.
836 2366 950 2400 staret
974 2376 1063 2401 corr.
1088 2366 1130 2400 in
1153 2365 1283 2400 fluvius
1317 2367 1373 2400 est
1397 2365 1432 2399 P
1439 2379 1453 2409 ,·
1486 2364 1669 2400 Amasium
1693 2364 1760 2400 fiu-

208 2434 288 2458 men
314 2423 445 2459 Lesart
470 2424 524 2459 bei
548 2424 643 2459 Bon.
670 2444 714 2449 —
740 2432 754 2451 0
779 2425 942 2469 arrupuit
958 2425 1001 2458 P.
1031 2443 1075 2449 -
1101 2424 1118 2450 d
1143 2423 1258 2459 factus
1284 2424 1355 2458 fuit
1380 2424 1431 2459 N.
1459 2444 1502 2449 —
1528 2431 1543 2450 e
1568 2423 1760 2459 attendens

207 2482 253 2516 P.
282 2481 322 2527 Q.
362 2501 405 2505 —
442 2481 456 2507 f
478 2482 700 2528 Krysostomi
726 2483 852 2519 Addit.
882 2503 925 2508 —-
961 2491 979 2516 g
1003 2484 1218 2518 contrariam
1243 2483 1336 2518 Boll.
1374 2503 1417 2507 —
1453 2482 1471 2509 ¹¹
1497 2482 1540 2518 dc
1565 2493 1670 2528 puero
1696 2483 1758 2528 qui

208 2540 326 2575 doluit
351 2551 427 2575 crus
454 2541 499 2576 P.
527 2562 570 2566 —
597 2542 606 2568 i
632 2543 798 2577 continue
824 2543 868 2577 P.
897 2562 939 2567 —-
965 2542 984 2569 k
1009 2553 1116 2588 quum
1134 2543 1265 2580 Addit.

205 2705 324 2740 wiirde
350 2706 424 2741 also
450 2705 507 2740 die
539 2706 651 2741 altere
688 2707 777 2741 noch
802 2707 852 2741 im
886 2707 948 2741 XI.
987 2706 1059 2742 und
1085 2707 1166 2741 XII.
1205 2706 1450 2742 Jahrhundert
1486 2705 1757 2751 gebrauchliche

206 2763 311 2799 Form
337 2764 397 2799 des
421 2765 576 2800 Namens
601 2776 762 2809 gewesen
787 2766 898 2800 sein“.

348 2824 382 2867 1)
408 2823 502 2858 Ems.
530 2843 574 2848 —
600 2825 635 2869 2)
661 2825 819 2867 Rheine3
847 2825 918 2869 vgl.
939 2825 972 2859 S.
993 2826 1060 2860 239
1078 2824 1119 2860 A.
1139 2826 1170 2858 1.
1198 2844 1240 2850 --
1268 2826 1304 2870 3)
1329 2824 1409 2859 Joh.
1435 2825 1468 2867 4,
1497 2825 1529 2860 1.
1555 2844 1598 2849 -—
1624 2823 1661 2869 4)
1686 2823 1756 2858 Die

206 2881 420 2926 allgemeine
450 2882 714 2926 Besehreibung
740 2883 800 2918 der
833 2883 1118 2919 Per-soulichkeit
1148 2883 1208 2919 des
1233 2883 1282 2919 hl.
1311 2883 1484 2927 Liudger;
1511 2883 1584 2928 vgl.
1614 2893 1641 2918 c.
1672 2883 1728 2917 11.
