1864 3213
217 159 275 202 52
603 156 782 199 Altfridi
815 156 902 200 vita
936 170 967 199 s.
1002 129 1198 212 Liudgeri
1228 157 1301 199 lib.
1333 156 1390 198 11.

215 277 317 319 Erat
348 276 455 318 enim
486 276 734 317 memoratus
765 275 888 317 miser
919 273 1090 326 iuvenis,
1124 276 1164 316 et
1196 274 1285 317 ideo
1317 274 1369 316 ad
1412 273 1676 328 augmentum
1709 274 1780 316 do-

213 347 312 390 loris
343 347 406 389 sui
438 359 578 389 carnes
610 347 694 388 eius
727 347 794 388 eta
825 358 913 387 ossa
945 344 988 386 in
1019 346 1198 399 tempore
1220 345 1474 388 vinculorum
1498 357 1660 386 suorum
1692 357 1780 387 cre-

214 418 372 461 verunt.
406 417 586 471 Cumque
608 430 726 459 mane
749 417 948 459 somnium
972 417 1193 468 retulisset,
1226 416 1407 458 ibidemb
1440 415 1580 457 statim
1613 415 1734 456 multi
1748 423 1775 466 0,

215 489 284 544 qui
315 488 488 530 eundem
521 488 707 529 sanctum
746 487 1027 542 Liudgerumd
1071 488 1113 529 in
1153 500 1313 541 corpore
1346 486 1534 529 viderant
1565 486 1606 527 et
1637 486 1777 528 sancta

214 560 300 603 eius
333 559 467 601 studia
499 559 599 600 bene
630 559 838 610 noverant,
885 558 1035 600 Romae
1082 558 1238 600 inventi
1271 559 1378 602 sunt.
1432 557 1510 610 Qui
1542 570 1632 599 cum
1666 557 1777 599 viam

212 630 312 672 illuc
344 630 466 672 eundi
498 630 645 683 atque0
677 629 811 671 locum
843 629 1064 671 venerandi
1097 629 1298 682 sepulchri
1330 629 1409 683 ipsi
1431 628 1568 671 iuveni
1588 628 1779 670 intimas-

213 702 315 753 sent,
348 701 510 754 peracto
541 700 689 755 longos
732 700 877 741 itinere
922 699 975 741 ad
1021 701 1290 742 memoratum
1339 700 1597 754 sepulchrum
1646 699 1778 741 sancti

212 773 438 828 Liudgerig
468 772 666 825 pervenit.
700 771 841 813 Stante
873 772 1010 812 autem
1044 771 1116 813 illo
1133 772 1248 813 nocte
1282 771 1484 813 dominica
1515 783 1636 824 prope
1666 770 1775 811 idem

212 856 371 886 sacrum
403 842 691 896 sepulchrumh
723 855 767 884 eo
798 843 992 895 tempore,
1040 855 1115 896 quo
1165 842 1350 885 monachi
1396 842 1505 884 illici
1551 841 1776 883 matutinas

211 915 381 957 laudesk
427 913 602 955 Domino
635 913 930 964 celebrabant1‚
978 913 1133 955 ferrum
1179 914 1284 967 quod
1332 913 1517 955 dextrum
1562 911 1774 954 brachium

211 985 404 1035 cinxerat,
437 984 601 1038 repente
633 984 837 1026 dissiliens
867 985 1031 1039 longius
1063 984 1228 1027 Domini
1260 985 1413 1028 virtute
1444 984 1668 1038 proiectum
1699 982 1774 1030 est,

355 1057 458 1099 21112.
502 1056 550 1097 In
596 1055 866 1109 Ripuariis1¹1
912 1055 1025 1097 iuxta
1058 1055 1289 1110 ingressum
1322 1055 1450 1096 silvae
1481 1053 1777 1096 Hamarithi⁰2

210 1128 311 1172 villa
341 1127 529 1169 nominep
582 1126 738 1168 Budica
750 1135 767 1159 <1
824 1126 1046 1169 constituta
1089 1127 1171 1177 est,
1221 1126 1264 1167 in
1311 1134 1414 1179 quar
1458 1126 1607 1167 mulier
1653 1137 1775 1178 quae-

212 1200 305 1242 dam
324 1198 470 1241 debilis
487 1198 701 1240 habitabat
711 1207 737 1248 S,
761 1198 873 1240 cuius
885 1199 898 1225 ¹³
915 1198 1126 1239 brachium
1144 1197 1328 1239 dextrum
1346 1196 1585 1238 infirmitate
1602 1196 1773 1251 agenteu

209 1269 430 1313 inflexibile
462 1269 554 1319 fuit,
588 1281 711 1310 manu
743 1281 835 1311 vero
867 1269 1035 1310 curvata
1066 1268 1308 1322 persistente
1340 1281 1496 1322 ungues
1527 1267 1688 1321 palmae
1719 1267 1772 1308 il·

211 1342 291 1383 lius
313 1340 475 1382 fortiter
497 1340 832 1393 inprimebantur.
866 1339 976 1391 Quae
998 1348 1118 1381 cumV
1140 1339 1209 1380 diu
1231 1339 1364 1381 haecW
1397 1339 1604 1392 pateretur
1614 1347 1644 1390 x,
1688 1351 1772 1380 me-

210 1412 359 1455 morati
391 1411 470 1453 viri
500 1411 578 1453 Dei
610 1410 833 1465 Liudgeriy
880 1411 992 1452 fama
1023 1410 1076 1452 ad
1108 1411 1286 1452 mentem
1319 1409 1403 1451 eius
1426 1410 1623 1463 pervenit,
1657 1422 1771 1452 cum-

210 1496 286 1538 que
318 1495 386 1536 spe
418 1481 605 1523 sanitatis
653 1491 773 1524 suaez
816 1482 937 1523 ducta
980 1481 1033 1523 ad
1065 1482 1322 1535 sepulchrum
1357 1482 1472 1523 eiusa
1503 1481 1769 1535 properasset,

209 1554 445 1609 priusquam
478 1552 603 1594 illucb
634 1553 883 1606 pervenisset
895 1561 923 1603 ⁶,
956 1552 999 1593 in
1031 1552 1116 1605 ipso
1137 1552 1282 1594 itinere
1304 1552 1467 1605 plenam
1499 1552 1674 1606 corporis
1706 1565 1771 1594 sa-

209 1625 383 1667 nitatem
417 1623 453 1665 ei
484 1623 682 1665 Dominus
714 1636 784 1677 pro
816 1623 948 1665 sancti
981 1623 1058 1665 viri
1090 1623 1249 1665 meritis
1280 1624 1445 1677 repente
1466 1623 1625 1665 tribuit.
1660 1623 1770 1676 Quae

209 1697 347 1738 tamen
379 1695 540 1748 peracto
586 1695 730 1736 itinere
777 1694 828 1736 ad
875 1694 983 1735 idem
1032 1694 1289 1748 sepulchrum
1339 1695 1460 1737 cumd
1498 1694 1769 1737 oblationibus

209 1775 336 1811 sanae
369 1767 554 1808 exultans
586 1765 658 1808 acf
701 1765 953 1807 Dominumg
1001 1765 1246 1807 salvatorem
1292 1765 1467 1807 laudans
1514 1765 1698 1819 pervenit
1729 1765 1769 1807 et

209 1838 268 1880 ita
299 1837 537 1879 incolomish
567 1836 620 1877 ad
652 1837 744 1878 suai
774 1836 910 1879 rediit.

349 1927 364 1944 a
390 1929 430 1953 ex
455 1918 583 1953 Leibn.
612 1936 656 1940 —
682 1917 699 1942 b
724 1917 751 1960 f.
779 1917 826 1952 A.
853 1916 905 1951 H.
932 1937 974 1941 —
1015 1925 1029 1942 0
1054 1917 1173 1961 plnres
1198 1917 1246 1952 A.
1273 1917 1325 1952 H.
1360 1936 1403 1940 —
1441 1918 1457 1943 (1
1485 1917 1596 1962 Lutg.
1633 1918 1687 1953 W.
1712 1918 1768 1963 P3

206 1978 321 2022 Ludg.
347 1977 397 2012 N.
425 1996 468 2000 —
508 1984 522 2002 θ
548 1978 585 2011 et
616 1975 674 2010 W.
700 1995 743 1998 —
770 1976 784 2002 f
805 1977 831 2019 f.
868 1976 920 2010 W.
947 1996 992 2002 ——
1018 1984 1036 2009 g
1061 1976 1168 2020 Lutg.
1202 1977 1258 2011 W.
1284 1977 1338 2021 P3
1372 1976 1487 2020 Ludg.
1513 1977 1564 2011 N.
1593 1997 1636 2001 —
1654 1977 1767 2022 hper-

205 2038 424 2081 venit-sep.
450 2036 476 2080 f.
504 2036 567 2079 W3
594 2035 640 2071 A.
671 2035 714 2069 H
736 2047 763 2070 s.
782 2036 822 2070 h:
840 2037 955 2070 sancti
974 2035 1155 2080 Liudgeri.
1175 2056 1219 2061 —-
1244 2036 1348 2070 iillic
1365 2047 1458 2073 mon.
1482 2037 1548 2079 W;
1567 2041 1654 2073 statt
1678 2048 1766 2072 eo—

204 2098 300 2134 illie:
327 2097 417 2131 circa
444 2096 490 2129 A.
517 2095 566 2129 H.
598 2115 641 2119 -
666 2095 685 2120 k
709 2095 736 2138 f.
762 2095 806 2129 P.
835 2116 878 2120 —-
914 2095 923 2120 1
950 2094 1042 2129 dom.
1070 2095 1132 2130 cel.
1159 2096 1185 2139 f.
1212 2096 1260 2132 A.
1287 2095 1339 2130 H.
1367 2115 1411 2119 ——
1436 2104 1463 2121 m
1488 2108 1567 2141 cap.
1595 2099 1640 2131 21
1664 2097 1692 2141 f.
1718 2096 1765 2137 J3

204 2158 247 2193 in
271 2156 321 2191 N.
350 2155 389 2190 Ο.
417 2156 462 2189 P.
491 2154 530 2199 Q.
556 2155 665 2189 sehon
690 2165 740 2188 cm
766 2153 872 2189 Stelle
889 2165 960 2189 von
985 2166 1064 2199 cap.
1090 2157 1146 2189 17.
1183 2174 1226 2180 -
1252 2163 1270 2180 11
1295 2155 1482 2190 Primariis
1514 2156 1554 2191 U.
1583 2176 1627 2180 —
1653 2163 1668 2182 0
1693 2156 1767 2190 Ha-

204 2215 336 2251 marihi
361 2215 416 2259 A3
442 2212 649 2248 Hamarichi
674 2213 742 2247 Br.
770 2233 814 2237 -
840 2220 856 2245 P
881 2214 908 2256 f.
936 2213 982 2247 A.
1023 2233 1067 2237 —
1104 2221 1121 2246 <1
1146 2212 1284 2248 Budike
1309 2214 1355 2248 A.
1383 2214 1434 2248 H.
1461 2234 1505 2240 —
1530 2222 1544 2241 r
1568 2215 1612 2250 In
1636 2216 1765 2260 Rip.—

205 2286 274 2321 qua
298 2275 326 2318 f.
357 2273 414 2308 W.
442 2292 485 2297 ——
511 2281 524 2298 S
550 2274 628 2306 erat
661 2271 714 2306 W
741 2291 783 2296 —-
809 2272 822 2297 t
839 2276 925 2307 statt
949 2272 1160 2307 In—cuius:
1186 2272 1379 2308 Cuiusdam
1396 2274 1555 2309 mulieris
1580 2274 1631 2309 N.
1652 2273 1691 2309 O.
1718 2275 1764 2310 P.

206 2333 246 2379 Q.
274 2353 318 2358 —
343 2340 361 2359 11
386 2333 533 2376 cogente
560 2332 605 2366 A.
633 2330 683 2365 H.
711 2351 754 2356 ——
779 2340 797 2358 V
822 2330 905 2365 dum
939 2331 992 2366 W.
1020 2331 1057 2367 S.
1086 2352 1129 2356 -—
1154 2340 1179 2357 w
1203 2333 1230 2376 f.
1257 2333 1306 2367 N.
1334 2334 1378 2367 P.
1399 2354 1441 2358 —
1470 2342 1489 2359 x
1506 2344 1609 2379 passa
1634 2333 1764 2369 fuisset

204 2393 252 2427 A.
278 2392 329 2426 Η.
349 2411 393 2415 ——
418 2400 435 2424 y
459 2392 486 2435 f.
522 2391 582 2432 W;
611 2391 718 2435 Lutg.
744 2392 797 2433 P3
824 2391 937 2434 Ludg.
964 2391 1022 2433 N;
1049 2396 1136 2427 statt
1152 2391 1385 2427 mem—dei:
1410 2394 1527 2428 sancti
1552 2394 1598 2429 A.
1627 2413 1669 2418 -—-
1696 2402 1710 2419 z
1734 2394 1763 2438 f.

213 2452 267 2487 W
311 2470 354 2476 —
392 2458 408 2476 a.
444 2451 480 2484 P
514 2461 541 2484 s.
579 2451 620 2485 h:
656 2449 817 2484 deducta.
859 2470 902 2475 —
945 2450 961 2476 b
1000 2461 1039 2485 eo
1078 2450 1205 2486 Leibn.
1246 2471 1284 2476 —
1329 2459 1343 2478 ο
1383 2454 1605 2497 properasset
1642 2463 1763 2497 perve-

203 2511 317 2546 nisset
344 2510 383 2544 S.
411 2530 453 2534 —
481 2509 498 2535 d
523 2510 568 2543 A.
597 2509 683 2543 Hs.
712 2510 754 2544 h.-
780 2510 923 2544 votivis.
952 2530 995 2534 —
1032 2517 1046 2535 e
1071 2511 1098 2553 f.
1124 2511 1171 2545 A.
1198 2510 1249 2545 H.
1278 2531 1321 2535 —
1346 2511 1420 2546 fet
1453 2511 1507 2546 W.
1535 2531 1578 2536 —
1603 2520 1621 2545 g
1644 2512 1672 2555 f.
1707 2511 1763 2548 W.

208 2589 253 2595 —-
284 2570 302 2595 h
331 2569 519 2604 incolumis
552 2568 604 2603 W
634 2568 669 2603 S.
697 2568 748 2603 N.
775 2569 819 2602 P.
848 2588 892 2593 —
917 2569 926 2594 i
951 2570 1093 2613 propria
1128 2570 1180 2604 W

346 2688 382 2732 1)
407 2686 482 2721 Auf
503 2685 631 2720 beiden
660 2686 769 2720 Ufern
795 2685 854 2721 des
880 2685 1143 2721 Niederrheins.

345 2748 381 2791 2)
407 2746 477 2780 Ein
502 2745 608 2779 Wald
633 2745 692 2780 bei
718 2745 953 2780 Hemmerden
991 2747 1127 2781 unweit
1163 2746 1325 2791 Biittgen
1364 2746 1422 2791 (=
1449 2745 1596 2791 Budiea)
1622 2746 1672 2780 im
1696 2745 1759 2782 Kr.

202 2806 333 2847 Neuss;
359 2805 449 2839 nach
475 2804 608 2839 andern
633 2805 683 2839 ist
709 2815 744 2839 es
781 2804 991 2839 Hemmerde
1024 2804 1096 2838 und
1132 2805 1312 2840 Biiderich
1348 2805 1519 2840 zwischen
1555 2805 1652 2839 Werl
1685 2803 1759 2840 und

202 2864 308 2899 Unna
334 2863 415 2898 oder
440 2864 490 2898 ist
521 2862 655 2898 Budica
692 2862 754 2898 das
791 2863 940 2907 heutige
977 2862 1154 2898 Biiderich
1191 2864 1255 2898 auf
1289 2864 1368 2905 <lem
1404 2864 1526 2899 linken
1564 2863 1759 2899 Rheinufer

201 2923 336 2958 unweit
360 2922 488 2957 Wesel.
