1864 3213
273 155 358 197 174
671 152 767 200 Vita
799 151 948 206 rythm.
991 163 1021 193 s.
1053 149 1247 204 Liudgeri
1287 149 1357 192 let.
1389 145 1435 192 I(

482 281 574 317 Nam
599 280 698 315 dum
724 279 768 314 in
793 278 911 313 Frisia
942 267 1039 310 Villa
1072 277 1222 323 quadam
1249 277 1453 312 Werina¹

553 352 678 387 esset
700 351 802 385 iuxta
837 359 976 390 mare,
1015 349 1091 383 ubi
1116 337 1300 380 habitare

483 411 652 465 Incepit,
685 411 902 463 antequam
934 408 1153 450 invenisset
1185 407 1457 459 Werthinam,

296 483 421 527 1260.
555 480 730 515 somnium
755 478 911 520 videbat,
938 478 1029 513 unde
1054 478 1208 513 multum
1233 477 1378 513 flebat.

485 539 588 574 Vidit
613 538 654 573 de
681 539 825 583 gurgite
850 538 987 572 marino
1013 548 1192 582 erumpere

554 597 713 639 nubes,
741 608 829 643 quae
855 608 1016 631 serenum
1041 596 1275 641 pertubarent
1300 596 1426 638 celum,

486 656 560 700 Que
585 657 726 691 solem
752 656 796 691 fu
807 667 888 700 gere
914 656 1114 700 coegissent
1140 655 1286 695 concite,

556 716 649 751 luces
674 715 745 750 iam
773 716 927 756 cessisse,
952 714 1157 749 tenebras
1184 713 1319 754 vicisse,

298 776 421 819 1265,
486 774 633 810 Omnem
659 777 744 809 tunc
769 777 919 809 tremere
947 774 1109 814 Frisiam,
1137 773 1219 807 dum
1244 773 1412 808 tenebrae

559 834 705 868 vincant
731 832 955 878 aquilonis
981 832 1090 866 etiam
1117 832 1190 866 vim
1216 832 1319 873 solis;

486 892 618 927 Postea
643 893 753 926 etiam
780 904 840 936 per
866 891 1047 925 victricem
1072 892 1228 934 graciam

558 952 685 986 summi
711 951 883 986 adiutoris
907 951 967 984 lux
992 950 1143 984 recrevit
1169 949 1285 991 solis,

489 1010 558 1054 Qui
584 1012 754 1055 quantum
777 1010 880 1055 abiit,
907 1009 1068 1054 quamvis
1094 1009 1257 1051 minor,
1284 1009 1403 1050 rediit,

301 1071 427 1112 1270,
561 1069 726 1113 fugerent
753 1070 923 1103 victorem
948 1071 989 1103 ut
1021 1069 1091 1102 iam
1118 1067 1261 1101 nubes
1288 1068 1406 1102 solem.

489 1128 589 1163 Hanc
615 1128 841 1162 beatissimus
868 1127 922 1161 vir
946 1138 1141 1161 narrans
1174 1126 1381 1161 distinctius

559 1187 692 1222 fecerat
717 1197 928 1221 sorrorcm
959 1187 1045 1221 scire
1072 1185 1310 1227 visionem,

490 1245 633 1280 Forte
659 1248 768 1279 tunc
793 1245 845 1279 ibi
871 1256 981 1290 quae
1007 1245 1266 1289 Heriburga
1293 1245 1435 1280 nomine

557 1306 701 1349 propter
725 1303 871 1338 fratrem
897 1304 996 1338 illam
1023 1306 1168 1338 venerat
1200 1303 1245 1338 ad
1270 1304 1404 1339 villam.

306 1364 431 1406 1275,
494 1363 560 1399 Cui
585 1364 671 1398 fletu
688 1363 840 1407 plurimo
866 1363 955 1397 hanc
982 1363 1073 1397 dixit
1099 1363 1264 1397 continuo

562 1423 813 1466 exposicionem
840 1433 942 1466 super
968 1423 1160 1457 visionem:

491 1481 654 1523 ,Nubes
680 1481 722 1516 de
749 1482 874 1526 pelago
900 1483 1069 1527 signant
1095 1483 1171 1516 sine
1201 1481 1317 1523 dubio,

563 1540 948 1576 Northmannorum
974 1543 1119 1585 gentem
1144 1541 1252 1575 mari
1279 1541 1489 1582 venientem,

494 1598 606 1641 Quam
632 1610 733 1634 sevus
759 1601 917 1645 aquilo
947 1600 1094 1641 claudit,
1122 1601 1219 1634 cuius
1245 1600 1361 1644 spacio

306 1659 429 1701 1280,
567 1659 638 1693 erit
663 1670 838 1694 emersura
864 1661 901 1693 et
934 1671 995 1694 nos
1022 1661 1199 1694 invasura.

494 1717 568 1752 Hec
593 1722 751 1752 nostram
776 1719 929 1762 patriam
955 1729 1042 1762 gens
1068 1718 1236 1752 vastabat
1261 1717 1423 1759 Frisiam,

565 1778 680 1812 totam
706 1777 763 1811 hie
788 1779 990 1812 manentem
1016 1777 1209 1820 superando
1235 1779 1401 1821 gentem3

497 1835 597 1870 Sicut
622 1836 688 1870 sol
714 1836 875 1879 fugerat
900 1836 1142 1881 inpugnantes
1168 1836 1344 1877 tenebras,

568 1897 743 1940 quotquot
767 1906 837 1930 non
863 1896 977 1937 occisi,
1004 1897 1108 1930 erunt
1132 1895 1293 1939 fugitivi.

309 1954 433 1997 1285,
495 1953 580 1988 Sed
605 1955 675 1988 iam
702 1954 881 1999 aliquibus
906 1955 1043 1999 punitis
1068 1953 1275 1988 criminibus

566 2013 671 2047 huius
696 2016 837 2048 nostrae
863 2014 993 2058 gentis,
1024 2013 1091 2047 Dei
1115 2013 1317 2048 miserentis

496 2071 624 2106 Aderit
649 2073 775 2116 pietas,
803 2074 839 2106 et
865 2083 995 2116 magna
1021 2072 1185 2116 impietas

568 2131 745 2175 aquilonis
772 2131 841 2165 diri
866 2131 971 2166 debet
998 2134 1082 2165 tunc
1107 2131 1226 2176 puniri

499 2189 547 2224 Et
573 2189 677 2224 bellis
703 2189 856 2224 fortibus
882 2192 919 2224 et
945 2190 1092 2224 diversis
1122 2189 1295 2224 mortibus

311 2249 436 2291 1290,
568 2249 606 2283 in
633 2260 668 2283 se
694 2249 949 2294 retorqueri
978 2260 1039 2293 per
1065 2248 1261 2283 vindictam
1287 2248 1365 2289 Dei,

499 2307 617 2342 Donec
643 2308 679 2342 in
706 2308 877 2342 nichilum
904 2319 939 2342 se
966 2319 1066 2342 suum
1092 2308 1240 2341 exitium

570 2365 712 2410 redigat
738 2369 774 2401 ct
799 2378 866 2411 pax
892 2367 940 2400 sit
964 2366 1065 2401 nobis
1091 2367 1287 2401 tribulatis.

432 2496 534 2531 1264.
570 2495 696 2529 uicisse
721 2506 811 2530 corr.
840 2496 880 2530 T.
920 2516 963 2520 —
1002 2496 1104 2531 1269.
1141 2507 1230 2531 corr.
1255 2495 1429 2531 scielleicht
1467 2504 1535 2530 aas
1570 2494 1686 2528 minus
1713 2493 1753 2528 T.
1793 2513 1838 2518 —

291 2554 392 2589 1275.
419 2565 508 2589 corr.
535 2555 600 2589 wie
626 2566 661 2590 es
685 2556 821 2590 scheint
847 2566 914 2589 (ms
938 2555 1006 2597 Qui
1034 2556 1082 2598 T,-
1108 2555 1142 2589 h.
1170 2555 1202 2590 d.
1230 2566 1257 2590 c.
1288 2565 1357 2590 ron
1382 2554 1534 2589 mederer
1558 2553 1677 2588 Hand
1704 2553 1743 2587 T.

433 2744 468 2788 1)
493 2743 580 2777 Vita
606 2742 634 2776 Ι.
660 2753 687 2776 c.
715 2743 759 2777 27
798 2742 869 2776 und
907 2753 936 2776 v.
965 2742 1033 2777 III.
1072 2753 1100 2776 c.
1126 2743 1171 2777 24
1202 2742 1404 2784 berichten,
1443 2752 1480 2776 er
1516 2741 1607 2776 habe
1643 2740 1723 2776 dort
1759 2741 1838 2776 eine

292 2801 421 2836 Kirche
447 2801 599 2845 gebaut,
639 2802 727 2835 nach
755 2802 831 2836 vita
868 2801 916 2836 ΙΙ.
943 2812 970 2835 c.
998 2803 1040 2836 19
1066 2801 1138 2835 und
1165 2812 1195 2836 v.
1222 2802 1290 2836 III.
1330 2802 1351 2837 ].
1380 2812 1406 2836 c.
1445 2800 1564 2836 wollte
1601 2811 1638 2835 er
1676 2799 1755 2835 clort
1780 2799 1839 2835 ein

292 2860 435 2895 Kloster
459 2860 573 2895 bauen
599 2861 685 2905 (vgl.
714 2862 747 2895 S.
775 2862 843 2895 155
868 2860 909 2895 A.
935 2861 982 2905 4).
