1801 3213
149 147 242 187 *258
619 144 820 187 Cincinnii
856 144 941 186 vita
972 157 1003 186 s.
1036 144 1244 199 Liudgeri.

156 263 213 304 sic
244 263 499 316 producatur.
563 263 677 315 Quod
719 262 815 304 licet
852 261 1032 315 plerique
1078 274 1124 303 ex
1155 262 1267 303 vobis
1308 262 1428 317 longe
1459 263 1707 316 prestantius

155 333 313 375 emoliri
344 333 589 386 potuissent3
638 333 826 386 quoniam
872 332 1035 385 quidem
1081 333 1185 374 hanc
1232 332 1334 374 mihi
1364 333 1613 386 provinciam
1644 334 1706 375 in—

157 403 366 454 iunxistis,
409 403 488 445 feci
519 405 736 457 utcumque
768 402 903 456 potui,
945 402 1049 456 quod
1081 415 1127 444 ex
1157 416 1222 445 me
1254 403 1462 455 voluistis,
1499 405 1588 445 tum
1621 405 1707 446 stu—

156 474 282 525 diose,
314 475 403 515 tum
433 474 633 525 libenter,
681 486 727 515 ea
759 474 867 515 certe
899 485 968 527 spe
1008 473 1174 524 ductus,
1223 475 1420 526 quatenus
1453 475 1545 516 boni
1576 475 1707 528 operis

155 546 324 596 fructus,
358 545 427 598 qui
458 545 552 586 inde
585 545 799 586 exuberare
821 545 965 597 potest,
997 544 1199 597 particeps
1231 544 1397 586 efficiar.
1432 545 1581 587 iccirco
1602 546 1707 587 hanc

156 616 241 657 divi
271 615 432 669 patroni
463 615 590 656 nostri
620 615 749 657 vitam
781 614 1057 668 compluribus
1089 615 1213 656 etiam
1255 615 1347 656 aliis
1379 628 1425 657 ex
1455 615 1585 666 fibris,
1618 616 1708 657 tum

154 686 366 737 chronicis,
398 687 487 728 tum
518 685 625 728 veris
656 685 837 727 historiis
869 686 1117 738 aliorumque
1149 686 1380 728 sanctorum
1413 686 1509 728 vitis
1542 686 1707 728 illorum

154 758 380 811 temporum
412 757 715 811 synchroniis1‚
765 757 961 810 quantum
1007 756 1059 797 ad
1098 756 1308 798 historiam
1353 757 1573 799 conducere
1605 757 1707 798 mihi

154 829 395 882 potuerunt,
442 827 706 869 illustriorem
749 828 788 868 et
827 827 1110 880 preclariorem
1144 828 1324 869 extruere
1356 827 1507 869 curavi.
1572 827 1708 880 Quan-

153 900 319 952 tumque
352 899 522 953 dignum
553 899 600 939 nt
630 898 763 940 vestro
808 898 941 951 potius
989 898 1062 939 sub
1109 899 1269 940 nomine
1315 899 1449 949 exeat,
1496 911 1542 940 ex
1574 899 1707 952 prefa-

153 970 262 1020 tione
281 971 296 994 2
325 969 479 1023 liquido
511 969 704 1022 perpendi
735 969 879 1022 potest.
942 969 990 1009 In
1021 969 1094 1010 hoc
1126 969 1311 1022 equidem
1344 969 1448 1011 libro
1479 982 1558 1011 non
1590 969 1707 1011 modo

155 1042 335 1082 sanctam
369 1039 454 1082 eius
486 1040 825 1082 conversationem
860 1041 901 1081 et
930 1040 1150 1094 magnifica
1180 1040 1378 1081 virtutum
1400 1053 1519 1093 opera
1551 1039 1708 1082 divina-

155 1124 229 1164 que
260 1111 546 1153 miraculorum
587 1112 626 1152 et
668 1112 875 1166 signorum
923 1112 1082 1153 ostenta
1122 1123 1309 1152 enarrare
1356 1124 1451 1153 cura
1497 1111 1599 1162 fuit,
1647 1112 1708 1152 set

155 1182 278 1223 etiam
312 1182 490 1224 studioso
521 1182 663 1224 lectori
696 1183 891 1235 quantum
924 1182 1090 1223 historie
1123 1183 1285 1232 attinet,
1327 1182 1363 1223 si
1394 1182 1484 1235 quis
1516 1181 1709 1223 curiosior

156 1253 387 1306 inquisierit
420 1252 503 1307 (cui
534 1255 641 1295 certe
673 1253 745 1295 hoc
778 1266 848 1294 evo
880 1265 957 1294 non
989 1252 1160 1294 minima
1193 1253 1233 1293 in
1266 1253 1431 1295 edendis
1462 1253 1579 1294 libris
1611 1265 1708 1295 cura

155 1324 295 1366 haberi
327 1325 523 1378 oportet),
571 1337 641 1376 pro
673 1324 871 1366 facultate
909 1336 997 1365 mea
1040 1325 1255 1377 utcumque
1302 1324 1353 1364 ad
1386 1325 1520 1365 votnm
1565 1324 1708 1365 fecisse

154 1394 285 1445 volui,
327 1396 372 1435 ut
413 1396 453 1435 et
485 1406 528 1435 eo
560 1395 617 1435 sic
659 1395 868 1436 iucundior
914 1396 1035 1448 atque
1078 1395 1339 1448 pregnantior
1387 1396 1481 1436 ante
1528 1395 1708 1435 omnium

154 1465 287 1507 oculos
321 1465 498 1518 prodiret
530 1465 572 1505 in
603 1468 803 1518 apertum.
868 1466 984 1507 Unde
1026 1467 1162 1507 tamen
1207 1465 1341 1507 devoti
1384 1479 1452 1507 sue
1485 1466 1708 1508 devotionis

153 1536 439 1591 paradigmata
471 1549 543 1578 nec
584 1549 662 1577 non
708 1537 876 1579 lectores
908 1537 970 1588 id,
1020 1549 1097 1590 quo
1137 1536 1412 1587 oblectentur,
1460 1537 1636 1579 habeant
1668 1537 1709 1578 et

152 1607 286 1648 minus
319 1607 521 1649 calumnie
552 1608 700 1649 nostris
733 1608 894 1661 scriptis
917 1607 1107 1649 inferant.
1171 1607 1314 1649 Valete
1348 1607 1501 1649 domini
1533 1607 1614 1648 mei
1645 1620 1708 1650 co-

153 1678 381 1720 lendissimi
412 1678 453 1719 et
483 1691 547 1719 me
579 1679 790 1720 alumnum
822 1680 1015 1730 vestrum,
1051 1680 1094 1720 ut
1126 1679 1275 1730 facitis,
1309 1682 1457 1720 amate.

294 1753 465 1797 Incipit
495 1755 712 1798 prologus
748 1754 797 1790 in
828 1754 969 1790 vitam
1009 1754 1195 1797 gloriosi
1225 1754 1423 1797 presulis
1457 1756 1502 1790 et
1534 1754 1709 1789 confes-

153 1824 267 1860 soris
301 1825 469 1860 Christi
488 1825 702 1869 Ludgeri,
733 1826 932 1861 innuens
963 1834 1138 1868 causas,
1171 1834 1313 1868 quare
1345 1826 1430 1860 hec
1461 1824 1626 1860 merito
1658 1825 1708 1860 in

151 1896 303 1931 lucem
332 1895 614 1939 publicanda
646 1896 718 1932 sit.

296 1962 492 2005 Omnibus
524 1963 678 2005 Christi
708 1963 896 2004 fidelibus
928 1964 968 2004 et
994 1962 1158 2016 gloriosi
1190 1962 1363 2015 presulis
1385 1962 1565 2016 Ludgeri
1597 1974 1709 2004 ama-

152 2033 307 2075 toribus
339 2046 409 2075 nos
440 2035 626 2076 monachi
659 2035 699 2076 et
720 2035 902 2076 cenobite
934 2034 1106 2088 insignis
1134 2017 1485 2075 monasterii¹eius
1518 2033 1559 2074 in
1590 2033 1709 2075 Wer-

152 2104 269 2146 thina
302 2105 473 2146 salutem
506 2106 548 2146 in
580 2105 731 2156 eodem,
765 2106 831 2158 qui
853 2117 948 2147 vera
979 2104 1160 2146 omnium
1193 2105 1254 2145 est
1280 2104 1389 2145 salus
1407 2105 1434 2144 3.
1478 2104 1622 2145 Vestre
1644 2103 1709 2157 pic

155 2175 357 2217 devotioni
388 2176 551 2218 tradere
583 2176 625 2217 in
668 2177 875 2230 publicum
907 2176 1034 2218 vitam
1077 2174 1324 2217 sanctissimi
1355 2174 1515 2228 patroni
1547 2175 1586 2216 et
1616 2175 1710 2216 fun-

156 2246 308 2288 datoris
340 2247 468 2289 nostri
501 2247 586 2289 divi
618 2247 796 2301 Ludgeri
836 2247 1012 2300 plurime
1044 2246 1295 2300 grandesque
1336 2246 1387 2287 ad
1427 2246 1501 2287 hoc
1533 2245 1711 2287 excitant

155 2330 226 2358 nos
249 2330 378 2359 cause.
427 2317 608 2370 Quarum
630 2318 773 2360 ceteris
795 2318 996 2368 obmissis,
1029 2317 1102 2358 illa
1124 2316 1238 2358 nobis
1266 2317 1326 2358 est
1356 2316 1581 2369 potissima,
1614 2328 1710 2369 quo-

154 2388 265 2429 niam
296 2388 455 2430 uberior
486 2389 588 2440 laus,
636 2390 760 2431 honor
792 2390 832 2430 et
863 2389 994 2443 gloria
1028 2387 1218 2430 creatoris
1252 2388 1292 2429 et
1323 2387 1536 2429 salvatoris
1567 2387 1708 2437 nostri,

156 2459 352 2501 celebrior
383 2472 536 2513 quoque
568 2460 762 2502 memoria
795 2460 973 2501 eiusdem
1007 2458 1069 2500 sui
1101 2457 1349 2500 sanctissimi
1382 2457 1617 2499 confessoris
1648 2469 1710 2498 re-

155 2530 296 2580 sultat,
330 2530 474 2572 crescit
522 2532 562 2573 et
608 2532 793 2586 augetur.
858 2530 1064 2573 Gloriosus
1106 2542 1279 2582 namque
1325 2529 1391 2570 est
1432 2528 1496 2582 (ut
1534 2527 1710 2569 testatur

153 2600 306 2656 David)
327 2601 438 2643 Deus
460 2602 502 2642 in
533 2603 684 2644 sanctis
720 2602 803 2644 suis
819 2603 835 2626 4
867 2602 907 2643 et
939 2602 1100 2644 sanctus
1122 2601 1165 2642 in
1186 2600 1341 2643 cunctis
1379 2599 1563 2653 operibus
1585 2598 1707 2649 eius5‚

296 2780 330 2824 1)
356 2778 438 2822 Vgl.
465 2778 522 2812 die
547 2778 771 2821 Einleitung.
813 2797 856 2802 ——
892 2778 929 2822 2)
956 2776 990 2812 S.
1018 2776 1075 2811 dic
1101 2775 1266 2820 folgende
1294 2774 1448 2809 Vorrcde
1474 2773 1535 2808 der
1558 2772 1708 2807 Monehe

154 2849 222 2873 von
249 2838 411 2873 Werden.
433 2858 475 2862 -—
494 2839 530 2883 3)
555 2837 638 2881 Vgl.
658 2837 724 2871 den
750 2837 916 2881 prologus
943 2835 1004 2871 der
1030 2837 1107 2870 vita
1131 2836 1201 2870 ΙΙΙ.
1227 2835 1261 2869 S.
1282 2835 1338 2870 85.
1367 2853 1409 2858 —
1437 2834 1472 2878 3)
1498 2833 1554 2868 Ps.
1576 2833 1631 2873 67,
1649 2832 1706 2867 36.

155 2918 199 2922 —
224 2897 261 2942 5)
287 2897 345 2934 Ps.
372 2897 451 2938 144,
480 2898 534 2939 13,
562 2897 616 2932 17.
