1801 3213
514 114 612 157 Vita
643 115 810 158 metrica
842 128 874 158 s.
907 115 1115 171 Liudgeri.
1506 117 1591 161 253

255 230 289 274 Ο
320 235 441 285 quam
474 232 727 284 dissimilem,
760 245 858 286 puer
889 233 1009 284 alme,
1052 232 1130 275 tibi
1161 246 1256 288 gero
1287 246 1452 286 morem,

254 301 328 344 Cui
359 315 428 356 pes
459 302 677 354 instabilis,
709 316 816 358 vaga.
857 303 1025 354 lumina,
1057 303 1224 358 garrula
1254 303 1410 358 lingua,

253 373 410 416 Scissae
440 374 664 428 pubetenus
696 374 870 424 tunicae,
908 374 1060 416 lasciva
1091 386 1297 417 comarum

75 444 170 486 170.
253 443 389 486 Massa
420 445 561 499 tegens
592 445 791 495 humeros,
825 457 937 486 rosus
969 444 1084 498 quasi
1116 444 1235 486 dente
1266 444 1409 488 canino

252 514 430 566 Calceus,
463 528 509 557 ac
541 515 687 565 mitra,
720 515 788 568 qui
819 515 854 556 si
885 515 1118 568 quandoque
1149 515 1297 557 celebri

251 585 395 640 Ingero
427 598 492 627 me
522 585 638 637 festo,
672 586 817 639 strepo,
851 586 1001 640 garrio,
1032 598 1179 637 musso,
1213 585 1418 628 cachinno.

250 655 394 690 Interea
419 666 526 700 puero
555 655 673 690 claro¹
699 683 706 691 .
735 682 743 690 .
771 682 778 690 .

44 714 140 775 196.
183 725 215 760 5,
256 715 464 769 Temporis
495 728 516 757 o
547 716 674 757 nostri
706 715 876 766 iuvenis,
911 715 978 769 qui
1009 715 1098 757 iura
1130 715 1302 758 licenter

252 785 526 828 Grammatice
557 785 692 838 solvis,
725 786 803 838 cui,
836 786 905 840 qui
936 786 1016 827 fuit
1047 786 1133 837 ille,
1165 786 1212 828 fit
1243 786 1330 838 illa,

252 855 484 910 Correptam
516 857 700 912 longans,
733 858 899 912 longam
930 858 998 911 qui
1031 857 1210 911 corripis,
1243 858 1350 900 hosti

252 927 494 970 Ludibrium
524 929 793 982 probrumque
824 928 920 979 tuis,
954 941 1074 982 quam
1106 929 1221 971 curta
1253 929 1460 983 suppellex

72 997 169 1041 200.
251 999 420 1053 Ignoras
452 998 531 1040 tibi
563 999 629 1049 sit,
662 998 844 1052 vivisque
875 998 1072 1052 perisque,
1114 999 1306 1053 magistri

250 1069 486 1123 Impatiens,
519 1069 749 1123 ferulaeque
787 1082 952 1111 manum
985 1069 1177 1111 subducis
1210 1070 1251 1111 et
1282 1070 1393 1112 omni

252 1140 332 1194 Spe
363 1153 513 1183 vacuus
544 1153 823 1194 mammaeque
857 1140 994 1195 gravis
1025 1140 1173 1182 lallare
1204 1153 1390 1182 recusas:

250 1212 342 1254 Non
373 1212 432 1253 ita
464 1212 667 1266 Lutgerus
698 1212 847 1262 noster,
879 1212 950 1254 sed
982 1211 1096 1265 equis
1126 1211 1225 1253 licet
1256 1211 1321 1252 illi

252 1281 496 1334 Subtractis,
530 1282 686 1324 dederit
717 1283 780 1324 fur
815 1282 1003 1336 dampna,
1036 1283 1173 1324 tamen
1211 1282 1450 1325 stabilinam

68 1352 167 1396 205.
248 1353 422 1395 Venturi
453 1353 597 1395 cautus
632 1353 769 1394 studet
800 1352 1014 1395 emendare
1044 1353 1217 1395 ruinam.

250 1422 418 1468 Alcquini
443 1434 575 1458 memor
602 1434 686 1468 ergo
711 1423 766 1458 sui
792 1450 800 1459 .
827 1451 836 1459 .
863 1451 871 1459 .

39 1483 138 1525 221,
182 1483 213 1518 6.
251 1482 333 1517 Hiis
358 1482 509 1527 aliisque
534 1481 648 1517 modis
673 1483 824 1524 instans,
855 1482 1002 1517 cedente
1027 1481 1227 1526 magistro²
1252 1508 1260 1517 .
1288 1509 1296 1516 .
1322 1507 1331 1517 .

39 1543 138 1585 236,
181 1541 213 1577 7.
251 1541 375 1576 Annus
400 1540 575 1586 agebatur
599 1541 672 1575 iam
701 1541 873 1586 quartus3
900 1568 908 1576 .
935 1568 943 1576 .
971 1568 979 1576 .

38 1602 138 1645 245,
179 1601 212 1636 8.
253 1600 434 1645 Temporis
461 1610 501 1635 ex
527 1611 628 1635 cursu
652 1599 762 1635 medii
786 1611 879 1636 mors
903 1601 1034 1636 ultima
1059 1611 1174 1635 rerum

250 1658 462 1703 Gregorium
487 1660 583 1704 rapit
609 1670 627 1694 e
653 1659 794 1694 medio4
820 1686 829 1694 .
857 1687 863 1694 .
892 1686 899 1694 .

39 1720 139 1763 301,
178 1720 210 1754 9.
247 1718 429 1754 Hactenus
454 1718 625 1753 officio
650 1719 785 1754 levitae
810 1718 996 1761 functus,
1025 1721 1067 1753 ut
1092 1717 1175 1753 ordo

249 1777 524 1823 Presbyteri
549 1779 728 1822 prestetur
754 1777 813 1812 ei⁵
839 1805 846 1812 .
875 1804 882 1812 .
910 1804 918 1812 .
959 1822 970 1830 -

39 1839 138 1881 329,
181 1837 236 1873 10.
250 1836 416 1881 Congrua
441 1837 596 1879 secretis,
623 1848 728 1882 quam
754 1836 1023 1872 Salvatoris
1048 1835 1092 1871 ab
1119 1836 1204 1871 olim

249 1896 400 1931 Nomine
425 1898 601 1931 sacratam
627 1895 962 1931 Willibrordus
988 1898 1214 1937 struxerat,
1240 1895 1297 1930 illi

249 1955 410 2000 Eligitur
435 1955 583 1990 domus⁶
608 1984 615 1990 .
644 1981 652 1990 .
678 1981 687 1990 .

180 2086 259 2121 167.
285 2085 419 2121 Contra
445 2085 731 2130 indisciplinatos
756 2085 907 2120 scolares
932 2084 1091 2130 quuitur
1118 2095 1152 2118 α.
1170 2083 1216 2118 R.
1235 2082 1330 2118 Has.
1349 2102 1394 2108 -
1421 2083 1498 2118 170.
1516 2082 1592 2119 Cri-

36 2145 136 2180 nium
161 2145 423 2180 nutrimentum
447 2155 598 2179 massam
625 2146 730 2179 vocat
755 2155 787 2179 a.
818 2143 866 2179 R.
891 2142 986 2178 Hds.
1006 2162 1049 2167 -
1080 2142 1159 2177 171.
1185 2141 1296 2176 Mitra
1321 2143 1358 2177 et
1382 2141 1491 2176 calcei
1515 2153 1593 2187 per-

37 2203 147 2239 forati
172 2214 205 2239 a.
232 2203 278 2239 R.
305 2203 400 2238 Hds.
436 2223 480 2229 —-
514 2204 593 2239 172.
621 2203 780 2237 Mussare
806 2204 862 2238 est
887 2202 1062 2247 suspirare
1089 2212 1123 2237 α.
1149 2201 1195 2236 R.
1221 2200 1315 2236 Hds.
1348 2220 1392 2225 —
1426 2201 1507 2236 196.
1532 2200 1592 2235 In-

37 2263 154 2298 vectio
180 2264 304 2298 contra
329 2262 525 2298 illiteratos
550 2274 583 2298 α.
609 2263 656 2297 R.
682 2262 777 2297 Hds.
818 2282 862 2288 —-
900 2262 978 2297 197.
1012 2260 1224 2296 femininum
1249 2270 1311 2305 pro
1336 2259 1530 2295 masculino
1557 2270 1591 2295 a.

36 2322 83 2358 R.
110 2321 206 2357 Hds.
233 2342 278 2346 —
305 2322 384 2357 199.
411 2323 466 2357 est
491 2321 609 2357 brevis
634 2322 787 2356 sciencia
812 2332 846 2357 α.
872 2320 921 2358 R.
946 2320 1042 2355 Hcls.
1082 2339 1126 2344 —
1162 2320 1242 2355 203.
1280 2318 1511 2354 Proverbium
1537 2319 1593 2354 est

37 2381 130 2427 quod
156 2380 290 2416 ablatis
315 2380 416 2426 equis
441 2382 627 2425 reparatur
653 2380 833 2415 stabulum
859 2391 892 2415 a.
919 2379 966 2414 R.
993 2378 1088 2414 Has.
1129 2397 1172 2403 —
1210 2378 1291 2413 236.
1328 2378 1411 2413 kein
1438 2376 1592 2422 Capital-

37 2440 181 2486 cmfcmq
206 2440 300 2476 Bon.
327 2440 405 2476 hds.
441 2459 483 2464 —
518 2439 598 2474 245.
632 2443 718 2475 statt
743 2437 1105 2484 Temporis—medii:
1155 2437 1229 2472 Sub
1263 2436 1419 2472 medium
1450 2438 1591 2481 tempus

37 2500 131 2535 Bon.
155 2498 232 2535 hds.
267 2519 312 2524 —
345 2500 426 2535 329.
458 2500 507 2535 ist
532 2510 562 2534 v.
588 2501 663 2533 328
696 2499 791 2534 Bon.
817 2498 896 2533 hals.
936 2517 978 2522 —-
1017 2497 1099 2532 339.
1136 2495 1340 2531 Membrane
1373 2494 1511 2531 scedule
1536 2493 1591 2529 di-

38 2560 176 2600 cuntur,
203 2558 331 2604 quibus
355 2560 507 2593 utuntur
532 2556 718 2593 studentes
743 2557 800 2593 vel
823 2556 1065 2603 predicatores
1090 2567 1123 2591 α.
1150 2556 1196 2591 R.
1223 2555 1318 2591 Hcls.

180 2735 217 2781 1)
242 2735 331 2770 Vita
355 2734 422 2770 III.
448 2745 477 2769 c.
496 2735 528 2770 7.
546 2736 568 2770 8
595 2736 706 2770 erster
731 2734 846 2769 Theil.
875 2754 918 2759 —
944 2735 980 2776 2)
1007 2733 1095 2768 Vita
1120 2732 1189 2768 III.
1215 2742 1244 2767 c.
1267 2732 1288 2766 8
1313 2730 1454 2766 zweiter
1473 2728 1586 2764 Theil.

39 2814 83 2820 —-
107 2794 146 2840 3)
171 2794 259 2829 Vita
283 2793 352 2829 III.
379 2804 406 2829 c.
434 2795 466 2829 9.
493 2813 538 2819 -
562 2794 598 2839 4)
624 2793 712 2829 Vita
737 2792 805 2828 III.
832 2803 860 2828 c.
887 2793 941 2828 10.
979 2812 1022 2818 —
1057 2793 1092 2838 ὃ)
1118 2792 1205 2826 Vita
1229 2791 1298 2826 ΙΙΙ.
1325 2800 1351 2825 c.
1380 2790 1434 2825 12.
1462 2790 1517 2824 11.
1544 2807 1588 2812 —

38 2853 74 2899 6)
98 2852 187 2889 Vita
211 2852 277 2888 III.
305 2863 333 2888 c.
360 2853 509 2888 13-17.
