1801 3213
41 411 168 455 1125.

42 729 169 772 1130.

43 1026 169 1067 1135.

45 1357 172 1399 1140.

46 1700 172 1743 1145.

141 1831 198 1865 ⁶26.

48 2021 173 2063 1150.

419 163 516 205 Vita
546 163 696 218 rythm.
729 176 761 205 s.
785 162 979 218 Liudgeri
1009 162 1080 204 let.
1112 162 1165 204 11.

230 291 278 327 Et
303 291 386 326 dum
411 290 578 332 ediceret,
613 291 698 337 quid
729 281 890 334 scriptis
921 290 1054 326 diceret

301 351 498 406 sigillabis
528 363 701 407 princeps,
729 373 830 397 nemo
856 362 927 396 suit
953 373 1090 407 anceps,

230 420 299 456 Sed
324 421 412 456 certi
438 422 573 466 pariter
597 432 718 456 omnes
743 421 960 456 unanimiter

300 482 430 515 notant
456 482 493 515 et
519 480 685 515 celestem
711 491 829 524 regem
856 482 893 514 et
919 482 1124 515 terrestrem

231 538 349 574 Unum
375 538 596 580 contendere,
623 539 762 573 scilicet
787 543 827 573 ut
854 538 1060 574 Werthinae

301 609 507 644 redderetur
536 599 656 641 herus
687 598 926 641 VVel'thinfle
956 609 1167 654 Liudgerus,

230 668 334 704 Nunc
359 670 443 714 quia
468 669 641 703 Dominus
667 669 705 703 in
731 669 812 703 vivo
838 669 1019 713 piissimus

301 728 377 763 fuso
404 727 503 763 dedit
529 728 670 771 signum
696 729 869 772 sanguine
895 727 1100 772 benignum,

233 787 330 822 Tunc
357 788 440 832 quia
465 787 616 821 Karolus
641 787 814 831 preceptis
840 787 1024 831 regalibus

302 846 526 881 voluntatem
551 846 618 880 Dei
643 846 791 880 mandat
817 848 853 881 et
878 846 1060 891 Liudgeri.

231 904 430 949 Liudgerus
456 906 571 949 igitur
596 904 706 940 libere
733 905 916 949 egreditur

302 965 399 999 nullo
425 964 647 1009 prohibente,
675 965 773 999 nullo
798 965 870 999 iam
897 965 1052 1005 nolente,

231 1036 311 1070 Nisi
336 1035 545 1080 presbitero,
564 1025 633 1078 qui
666 1027 825 1080 arrepto
857 1026 1018 1076 feretro,

303 1096 416 1149 quasi
448 1096 573 1138 nichil
607 1097 741 1147 sciret,
774 1097 898 1137 traxit
931 1109 979 1137 ne
1011 1096 1141 1139 abiret
1161 1097 1188 1137 ¹.

231 1166 320 1201 Ecce
345 1167 528 1201 contencio
555 1167 695 1211 incepta
721 1178 741 1201 a
767 1167 930 1202 clerico

303 1225 457 1260 vertitur
482 1226 519 1259 in
545 1226 694 1270 primam
721 1226 851 1260 suimet
877 1227 1026 1266 ruinam,

233 1295 326 1330 Nam
358 1284 454 1326 dum
486 1285 559 1326 sub
591 1286 739 1327 feretro
772 1287 876 1327 esset
908 1287 1023 1339 quasi
1054 1285 1249 1336 clanculo,

308 1356 441 1410 magis
473 1357 518 1397 ut
539 1356 741 1405 traxisset,
775 1356 906 1398 latens
938 1356 972 1398 si
1003 1356 1160 1405 fuisset,

234 1438 476 1473 Feretrum
510 1438 633 1472 cadere
664 1427 762 1469 fessll]
793 1441 830 1473 et
856 1450 891 1473 se
917 1441 1083 1475 sternere.

305 1512 354 1544 ut
379 1510 451 1544 iam
484 1499 683 1552 expiraret
713 1520 841 1554 pene,
872 1499 967 1540 dum
1000 1499 1159 1541 iaceret.

235 1569 411 1612 Levatur
443 1569 625 1623 protinus
657 1582 750 1611 arca
783 1570 824 1611 et
854 1582 895 1611 se
927 1569 1035 1611 ocius

306 1641 506 1693 presbiter
549 1640 750 1681 subtraxit
782 1641 822 1681 et
853 1640 1040 1682 confusus
1072 1640 1205 1691 cessit,

235 1710 335 1745 Unde
361 1712 398 1744 et
423 1710 533 1744 altius
559 1710 629 1744 iam
655 1710 786 1744 levatis
811 1709 976 1744 cantibus

305 1780 425 1825 omnes
450 1769 515 1803 hac
541 1771 578 1803 et
603 1768 644 1803 de
670 1780 706 1803 re
732 1769 859 1804 Deum
893 1769 1112 1804 laudavere.

237 1828 436 1873 Liudgerus
461 1828 576 1872 igitur
600 1830 764 1872 portatus
790 1827 1008 1870 deducitur,-

307 1889 413 1931 nulli
444 1901 634 1942 umquam
667 1888 818 1942 gravis,
852 1889 930 1930 nisi
962 1901 1080 1942 quem
1112 1902 1184 1932 nec
1217 1889 1374 1941 stravit,

236 1959 284 1993 Et
310 1959 405 1994 omni
431 1958 562 2003 gaudio
589 1960 675 1993 tunc
699 1958 744 1993 ab
770 1959 865 1993 omni
891 1959 1018 2003 populo

310 2019 374 2061 die
406 2018 480 2060 illa
512 2031 627 2060 suam
659 2019 788 2060 fertur
824 2019 1140 2062 Liudinchusam
1159 2021 1185 2070 2,

237 2090 394 2132 Deinde
425 2099 649 2135 Werthinam
677 2099 1027 2142 desideratissimam,

307 2160 403 2195 locus
429 2170 499 2204 qua
525 2161 669 2203 optatus
694 2161 748 2194 est
774 2159 950 2204 sepulchri
976 2159 1092 2194 datus.

238 2231 308 2266 Ubi
343 2231 425 2266 dum
456 2219 586 2273 pridie
618 2220 867 2261 curavissent
899 2220 1047 2271 fodere,

307 2290 562 2345 Othelgrimo
595 2291 729 2331 stante
760 2291 881 2340 atque
912 2290 1160 2338 observante,

1486 162 1570 204 ‘207

169 2456 272 2490 1123.
309 2454 442 2489 diceret
468 2464 558 2490 corr.
585 2455 624 2489 in
650 2454 845 2498 preciperet
874 2454 912 2488 T.
941 2473 984 2478 -
1020 2453 1263 2488 1133-1146.
1289 2454 1387 2499 year.
1414 2454 1507 2488 Boll.
1535 2472 1580 2478 —-

28 2515 129 2550 1133.
156 2513 341 2558 Ludgerus
359 2514 452 2549 Bon.
482 2534 525 2538 -
558 2514 660 2548 1137.
687 2515 810 2558 coepta
835 2513 927 2548 Bou.
962 2532 1005 2536 —
1043 2513 1145 2547 1143.
1170 2523 1258 2547 urna
1284 2513 1379 2548 Bou.
1407 2533 1450 2537 -—
1477 2512 1579 2548 1150.

26 2574 94 2610 wie
116 2573 151 2608 I.
176 2575 269 2608 1338
297 2573 336 2609 T.

174 2729 207 2771 1)
233 2727 333 2762 Nach
360 2726 436 2761 vita
462 2725 529 2760 III.
563 2724 586 2759 1.
614 2735 641 2759 c.
675 2725 814 2759 scheint
848 2724 909 2759 der
936 2723 1165 2759 Widerstand
1199 2723 1514 2767 vorhergegangen
1539 2734 1582 2758 zu

29 2787 117 2822 sein.
144 2807 188 2811 ——
213 2787 249 2831 2)
275 2786 318 2820 In
343 2784 622 2828 Ludinghausen
657 2783 771 2827 (iuxta
794 2782 942 2817 fluvium
975 2782 1171 2827 Stibirnae)
1197 2781 1327 2817 erhielt
1352 2781 1412 2816 der
1438 2781 1581 2825 Heilige

29 2845 100 2881 800
123 2844 314 2880 December
331 2846 352 2879 6
379 2843 488 2878 durch
507 2842 694 2878 Tradition
721 2841 781 2876 des
811 2840 1025 2876 Snelhardus
1051 2841 1125 2876 und
1142 2840 1337 2876 Walfridus
1364 2840 1470 2876 deren
1489 2840 1583 2876 Erbe

30 2904 126 2949 (Lac.
153 2905 181 2941 Ι.
209 2905 272 2946 18;
298 2903 381 2939 Erh.
407 2904 494 2946 Reg.
521 2902 616 2945 ⁴235).
