1801 3213
210 141 297 184 230
791 136 1169 180 Wunderberichte.

210 258 452 314 perennibus
481 256 660 300 tenebris
690 254 848 298 lumina
889 254 973 297 iam
1014 253 1173 308 sepulta
1204 254 1360 295 rectum
1392 264 1637 306 quocumque
1668 263 1765 305 per·

211 329 335 385 gendi
365 327 571 370 tramitem
608 327 805 378 abnuunt,
837 337 1090 379 nequaquam
1121 324 1244 366 hinca
1273 324 1386 366 abire
1415 322 1630 377 prevaleo‘.
1692 321 1762 364 Ad

212 412 331 455 quem
362 399 453 440 ille:
487 398 575 450 ,Est
604 398 744 447 locus‘,
776 396 921 450 inquit,
956 395 1193 447 ,Werdhina
1204 396 1235 445 b,
1253 394 1352 437 illuc
1384 406 1569 449 gressum
1599 392 1761 435 flectere

211 470 436 526 percitumc
467 472 656 523 propera,
703 467 797 521 quia
827 467 868 508 te
899 466 958 509 ibi
987 466 1073 508 Deo
1109 465 1335 518 opitulante
1365 464 1568 518 pristina<1
1598 475 1763 516 recupe-
1795 486 1799 488 >

213 542 386 584 randum
417 540 518 583 scies
549 539 735 582 361111616ι
750 547 778 579 e.
812 536 990 591 Cumque
1020 536 1292 578 inlucescente
1324 535 1389 578 die
1419 534 1538 577 fratri
1568 546 1639 576 suo
1669 545 1764 576 noc·-

212 615 376 656 turnam
407 611 615 661 visionem,
648 610 689 651 et
719 621 820 662 quae
850 608 930 650 sibi
961 607 1159 661 imperata
1189 608 1298 658 sunt,
1328 607 1538 657 retexeret,
1570 604 1642 652 ille
1672 616 1766 646 eum

213 684 264 726 ab
295 683 371 725 hac
402 680 604 724 sententia
635 692 884 734 compescere
916 678 1076 721 studuit
1107 677 1257 730 dicens,
1299 679 1334 720 si
1364 689 1500 720 secum
1530 687 1765 730 permanere

214 754 353 805 vellet,
384 751 608 795 necessaria
640 751 719 793 sibi
751 762 1022 804 quaecumque
1054 749 1227 791 libenter
1258 748 1533 802 prestaturum
1544 748 1569 788 f.
1603 747 1766 800 Nequa-

215 837 337 879 quam
369 836 411 866 se
441 823 576 866 verbis
607 822 720 864 illius
750 834 890 875 parere
921 833 1034 874 posse
1067 821 1248 871 dicebat,
1291 819 1361 862 sed
1391 819 1482 862 voto
1514 818 1666 860 maiore
1696 816 1768 859 ob-

215 896 370 951 ligatus
401 893 743 948 premonstratum
786 905 826 935 se
872 892 959 934 sine
1000 891 1122 934 dubio
1167 891 1299 933 locum
1341 889 1514 932 invisere
1544 887 1767 942 profitetur.

215 968 282 1009 Fit
311 967 468 1017 ratum,
501 965 605 1019 quod
635 965 820 1016 iubetur,
864 963 1106 1016 tandemque
1140 962 1209 1004 diu
1246 960 1520 1003 desideratum
1551 960 1637 1001 Deo
1669 957 1769 1000 diri-

216 1038 365 1093 genteg
395 1036 579 1091 pervenit
609 1035 661 1077 ad
683 1035 829 1084 locum,
862 1033 997 1087 ibique
1028 1033 1125 1074 dum
1151 1045 1286 1075 coram
1317 1031 1460 1073 tumba
1481 1030 1612 1072 sancti
1643 1028 1768 1071 Liud-

218 1108 307 1164 geri
336 1120 360 1149 a
392 1107 530 1149 dextro
561 1118 683 1148 cornu
714 1104 942 1158 prostratus
973 1103 1114 1145 altaris
1145 1114 1282 1156 preces
1314 1102 1435 1144 miser
1467 1100 1770 1156 congeminaret

219 1179 433 1234 supplices,
467 1177 655 1220 continuo
695 1175 858 1230 superni
898 1175 1115 1217 clementia
1155 1173 1299 1216 iudicis
1329 1173 1486 1215 cunctis
1517 1184 1672 1225 semper
1704 1183 1770 1213 ex-

219 1249 384 1293 orabilis
430 1249 569 1291 eodem
615 1248 754 1290 sancto
800 1246 1093 1288 interveniente
1139 1245 1191 1287 ad
1222 1244 1381 1287 veniam
1411 1244 1600 1286 flectitur.
1662 1243 1771 1284 Nam

220 1322 331 1364 obice
363 1320 569 1363 oculorum
603 1320 825 1361 extrorsum
866 1317 1047 1367 revulso,
1091 1315 1246 1358 cunctis
1289 1316 1357 1369 qui
1397 1315 1566 1357 aderant
1610 1313 1774 1355 intuen-

219 1393 343 1443 tibuS‚
375 1390 509 1433 nervis
540 1389 672 1443 ruptis
704 1388 860 1431 rivulus
882 1387 1107 1428 inundabat
1139 1386 1362 1441 sanguinis,
1386 1386 1455 1440 qui
1485 1398 1555 1439 per
1586 1397 1654 1427 ora
1686 1384 1771 1426 eius

220 1462 420 1518 largiterh
467 1461 636 1502 diffusus
681 1460 724 1500 in
768 1458 1047 1513 pavimentum
1100 1458 1380 1500 dilabereturi.
1443 1456 1587 1510 Sicque
1635 1456 1778 1498 subse-

221 1534 412 1587 sequente
444 1532 574 1574 salute
605 1529 966 1585 redintegrationis
983 1542 1076 1571 suae
1099 1541 1258 1582 compos
1279 1529 1457 1579 effectus,
1489 1527 1608 1570 tersis
1639 1538 1774 1570 rever-

222 1605 325 1647 titur
357 1603 603 1657 supplicator
633 1602 809 1644 fletibus.

366 1676 406 1717 2.
470 1673 593 1716 Cuius
623 1673 795 1716 necdum
829 1672 1033 1714 celebrata
1060 1671 1407 1726 congratulatione
1437 1669 1637 1720 miraculi,
1669 1668 1776 1710 alius

224 1746 390 1801 quidam
423 1745 471 1787 de
504 1744 667 1787 Gentk¹
692 1743 898 1794 oriundus,
930 1743 1143 1784 nutantem
1174 1755 1244 1796 per
1269 1742 1443 1784 incertas
1465 1740 1631 1783 semitas
1663 1752 1779 1795 gres-

224 1831 315 1860 sum
346 1829 413 1859 sex
444 1816 562 1858 annis
592 1815 736 1858 baculo
777 1814 914 1868 previo
944 1826 1110 1868 regens,
1157 1813 1362 1855 oculorum
1402 1811 1557 1853 lumine
1597 1811 1779 1862 orbatus,

224 1888 278 1931 ad
310 1887 491 1930 eiusdem
521 1886 599 1929 viri
619 1886 698 1928 Dei
728 1885 1018 1928 monasterium
1050 1884 1194 1926 ductus
1226 1884 1298 1926 est.
1330 1883 1409 1936 Qui
1440 1884 1552 1926 cum¹
1582 1884 1625 1924 in
1647 1882 1777 1936 cripta

225 1958 397 2002 orationi
428 1957 615 1999 ardenter
646 1956 919 2007 incumberet,
962 1955 1014 1997 ad
1050 1955 1341 1997 ostendendum
1371 1954 1615 1996 venerabilis
1645 1953 1782 2007 ponti-

226 2029 313 2072 ficis
344 2029 535 2071 meritum
567 2027 701 2083 gratia
728 2026 819 2078 Dei,
851 2026 916 2069 cui
946 2034 1104 2079 purasnl
1135 2038 1251 2067 nemo
1282 2026 1434 2067 frustra
1466 2024 1667 2079 congessit
1687 2036 1779 2077 pre-

228 2113 306 2152 ces,
340 2099 460 2142 citius
492 2098 636 2150 adfuit,
671 2098 874 2152 similique
913 2097 1032 2140 modo
1067 2098 1113 2138 ut
1152 2097 1277 2151 priori
1306 2096 1439 2150 ruptis
1479 2095 1684 2138 oculorum
1715 2107 1783 2137 or-

227 2171 347 2213 bibus
378 2169 545 2225 sanguis
575 2169 722 2211 faciem
754 2169 1001 2223 inrigabatn.
1062 2168 1227 2221 Iamque
1249 2168 1335 2209 dies
1361 2168 1543 2209 insuetus
1575 2166 1683 2209 claro
1713 2178 1783 2208 ex·-

228 2241 384 2284 hibitus
415 2241 589 2296 fulgore,
620 2239 725 2282 lucis
759 2240 933 2282 emulam
973 2240 1025 2281 ab
1067 2251 1111 2281 eo
1151 2239 1337 2292 penitus⁰
1369 2237 1566 2293 effugavit
1597 2237 1783 2292 caligan-

227 2313 311 2355 tem
344 2313 514 2355 noctem.

371 2425 389 2444 2
412 2416 502 2452 lucis
527 2416 619 2452 Msc.
644 2416 699 2451 II.
726 2418 782 2451 12.
811 2436 854 2440 —
880 2415 896 2442 b
923 2415 1112 2450 Werthina
1139 2415 1189 2459 T,·
1216 2414 1384 2449 Werdina
1408 2414 1501 2450 11136.
1519 2414 1662 2458 11.12,·
1687 2411 1781 2446 Wir-

230 2475 340 2511 dinna
365 2476 459 2512 Bou.
487 2495 531 2501 —-
557 2483 571 2502 c
597 2476 773 2520 partitum
801 2475 841 2511 T.
880 2494 923 2499 -
960 2474 977 2500 d
1002 2474 1192 2519 pristinam
1220 2474 1259 2508 T.
1285 2473 1376 2509 Msc.
1401 2474 1459 2508 ΙΙ.
1485 2476 1540 2508 12.
1567 2492 1612 2497 -
1645 2479 1661 2498 e
1686 2471 1782 2506 sani-

229 2536 345 2570 tatem
372 2535 419 2570 T:
437 2534 530 2572 Msc.
554 2534 612 2569 II.
638 2537 695 2570 12.
735 2554 778 2559 —
816 2534 831 2559 f
851 2534 1109 2578 praestiturum
1141 2533 1180 2568 Τ.
1217 2532 1309 2568 Msc.
1334 2532 1391 2567 II.
1416 2534 1472 2566 12.
1512 2551 1556 2557 —-
1593 2539 1611 2564 g
1634 2530 1783 2574 regente

230 2593 323 2628 Bon.
351 2612 395 2618 -—
420 2593 439 2619 h
464 2593 600 2637 iugiter
624 2593 719 2628 Boll.
747 2613 790 2617 —
818 2593 827 2618 i
852 2591 1080 2626 dilabebatur
1107 2592 1147 2626 T.
1176 2611 1219 2616 ——-
1244 2591 1263 2617 k
1288 2590 1457 2626 Gandavo
1484 2589 1584 2626 Cinc.
1603 2608 1646 2614 -
1671 2587 1783 2622 1dum

233 2651 276 2686 T.
302 2670 347 2676 —
371 2659 398 2677 ¹11
423 2662 514 2687 corr.
541 2663 609 2687 aus
632 2662 737 2697 puros
760 2652 809 2696 T,·
834 2662 941 2696 purus
958 2651 1050 2687 Msc.
1075 2651 1132 2685 II.
1158 2653 1214 2685 12.
1243 2670 1286 2674 —
1311 2658 1329 2675 11
1355 2660 1444 2685 corr.
1472 2648 1521 2693 C,-
1546 2647 1723 2692 irrigebat
1741 2646 1784 2681 T.

232 2730 278 2737 -
305 2718 320 2736 0
346 2721 424 2755 pen.
450 2710 495 2745 ab
521 2721 561 2745 eo
588 2711 628 2746 T.

375 2818 410 2863 1)
436 2818 509 2852 Das
534 2817 573 2851 in
599 2816 666 2852 den
700 2816 856 2851 altesten
891 2815 1137 2851 werdenschen
1174 2813 1453 2859 Heberegistern
1491 2814 1671 2858 genannte
1696 2810 1793 2846 Dorf‘

234 2875 330 2913 Gent
355 2887 400 2912 an
427 2876 488 2912 der
513 2875 626 2919 Waal,
652 2875 870 2911 nordostlich
896 2885 963 2909 von
988 2875 1206 2918 Nimwegen.
