1864 3213
793 632 889 686 IV.

335 813 467 865 Vita
511 812 787 880 rythmiea
833 812 1015 865 saneti
1061 812 1338 880 Liudgeri.

395 989 566 1033 Incipit
597 990 814 1033 prologus
856 989 1092 1032 sequentis
1122 988 1286 1032 operis.

207 1104 326 1145 Forte
359 1104 555 1157 queritur,
604 1116 674 1145 eur
722 1115 796 1156 ego
844 1102 1048 1153 tantillus,
1096 1102 1280 1155 quamvis
1312 1115 1382 1154 per
1413 1101 1620 1142 dominum

61 1174 249 1216 abbatem
284 1174 625 1215 Bernhardumal
659 1173 722 1215 vel
754 1173 887 1214 iussus
929 1173 993 1214 vel
1026 1174 1206 1227 rogatus,
1243 1173 1332 1225 post
1354 1173 1435 1212 tres
1457 1171 1620 1213 idoneos

61 1246 275 1298 scriptores
317 1245 425 1286 vitae
467 1245 597 1286 sancti
645 1258 691 1286 ae
740 1244 983 1286 venerabilis
1031 1243 1240 1298 Liudgeri,
1289 1242 1618 1297 Othelgrimumb

61 1316 253 1358 videlieet
285 1316 529 1369 discipulum
574 1316 672 1365 eius,
716 1315 942 1356 Altfridum
982 1315 1343 1356 Monasteriensem
1376 1315 1618 1367 episcopum,

62 1386 274 1441 Uffingum
307 1387 533 1428 cenobitam
581 1386 912 1428 Werthinensem
929 1387 956 1437 2,
1003 1387 1169 1439 quartus
1211 1385 1382 1438 scriptor
1416 1385 1619 1427 extiterim

61 1458 102 1499 et
132 1458 268 1499 tantos
298 1458 386 1499 tam
418 1470 564 1511 parvus
597 1458 662 1500 vel
693 1470 717 1499 a
749 1458 868 1512 longe
901 1458 1014 1511 sequi
1046 1457 1373 1510 presumpserim.
1419 1457 1482 1498 Ad
1514 1455 1620 1510 quod

59 1528 291 1582 respondeo,
325 1529 430 1582 quod
461 1528 654 1572 videlieet
684 1528 865 1579 canibus,
899 1528 966 1582 qui
988 1528 1107 1569 utilia
1129 1528 1295 1579 latrant,
1328 1528 1454 1569 catuli
1477 1540 1620 1581 cpiam-

60 1599 123 1642 vis
153 1599 317 1641 inutilia
340 1613 431 1653 sepe
465 1600 708 1651 conlatrant,
733 1601 774 1642 et
806 1613 980 1654 magnus
1011 1600 1216 1641 interdum
1239 1600 1408 1652 apparet
1438 1598 1618 1649 affectus,

59 1670 130 1712 ubi
153 1670 283 1711 minor
304 1670 510 1713 invenitur
532 1672 709 1714 effectus.
744 1671 822 1714 Sed
845 1672 940 1725 quia
967 1671 1119 1712 iustum
1145 1674 1218 1721 est,
1252 1671 1297 1711 ut
1329 1683 1406 1711 non
1426 1670 1465 1710 in
1490 1670 1618 1721 nobis,

61 1742 191 1783 sedin
208 1741 381 1784 Domino
398 1742 482 1783 Deo
509 1744 716 1796 sperantes
743 1756 787 1784 ex
811 1742 925 1784 nulla
948 1743 1084 1784 nostra
1106 1741 1346 1783 infirmitate
1371 1741 1436 1782 vel
1459 1740 1621 1783 vilitate

62 1812 332 1866 desperemus}
364 1813 517 1854 iustum
541 1827 696 1868 quoque
728 1814 914 1864 arbitror,
948 1805 994 1855 iit
1025 1814 1067 1855 in
1089 1813 1264 1855 Domino
1285 1811 1425 1854 confisi
1447 1812 1620 1853 maiores

61 1883 102 1937 et
133 1882 318 1924 meliores
340 1885 494 1925 nostros
527 1886 638 1938 sequi
671 1897 827 1938 semper
850 1885 1035 1935 velimus,
1068 1886 1265 1938 quantum
1298 1883 1362 1925 vel
1386 1882 1476 1936 plus
1499 1895 1619 1935 quam

59 1953 255 2002 valemus,
279 1954 410 1996 saneti
433 1954 620 2009 Gregorii
643 1968 852 2006 memores,
886 1956 955 2008 qui
981 1955 1081 1997 dicit
1098 1956 1136 1996 3:
1176 1954 1363 2006 „Bonum
1385 1966 1482 2006 opus
1503 1952 1619 1994 nobis

60 2024 103 2066 in
134 2024 343 2067 voluntate
376 2025 442 2076 sit,
475 2038 569 2067 nam
603 2039 648 2067 ex
672 2026 809 2068 divino
841 2027 1041 2068 adiutorio
1067 2027 1145 2068 erit
1167 2026 1207 2067 in
1230 2024 1516 2079 perfeetione“.
1551 2024 1619 2064 In-

60 2095 257 2148 cipiamus
278 2096 408 2150 igitur
431 2098 470 2138 et
491 2097 664 2151 gloriam
698 2098 825 2139 nostri
849 2098 1063 2140 salvatoris
1084 2098 1209 2139 Jhesu
1234 2096 1399 2147 Christi,
1423 2096 1618 2149 quantum

203 2232 220 2250 α
243 2225 400 2260 ἀαγᾶῦεν
426 2225 595 2260 XXVIII.
621 2225 731 2260 abbas
760 2227 791 2260 T
799 2240 811 2270 ;
838 2239 871 2261 α.
898 2226 945 2261 R.
964 2228 1052 2261 oben
1069 2238 1134 2262 ,ςἐε.
1155 2226 1273 2260 XVI:
1301 2225 1362 2259 ille
1381 2223 1489 2259 abbas
1509 2223 1619 2257 Bern-

59 2282 192 2317 hardns
216 2282 288 2318 fuit
313 2286 471 2330 tempore
497 2288 582 2319 ante
609 2296 740 2320 annum
770 2287 870 2320 1141.
899 2285 1038 2331 quando
1064 2286 1127 2320 hec
1163 2286 1240 2319 vita
1271 2285 1471 2329 conscripta
1496 2284 1555 2317 sit.
1581 2284 1620 2317 et

59 2353 101 2377 ex
126 2342 192 2377 hac
217 2345 326 2388 atque
353 2354 393 2377 ex
420 2355 460 2378 ea
487 2355 592 2389 quam
619 2344 798 2379 Altfridus
825 2345 1034 2389 conscripsit
1060 2345 1216 2389 superior
1242 2344 1348 2378 huius
1374 2342 1502 2377 codicis
1527 2341 1620 2376 liber

63 2401 155 2444 (vita
179 2402 275 2447 III.)
302 2406 492 2446 congestus
519 2405 583 2438 est.
612 2414 695 2448 ergo
722 2405 908 2450 posterior.
940 2423 984 2428 —-
1010 2404 1026 2429 b
1053 2415 1144 2439 corr.
1173 2404 1212 2438 T.

203 2532 238 2577 1)
264 2532 421 2567 Bernard
449 2533 516 2568 soll
543 2534 596 2568 als
622 2534 678 2568 28.
705 2533 780 2568 Abt
806 2545 873 2569 von
901 2533 1052 2569 Werden
1079 2545 1147 2569 von
1175 2534 1409 2569 1125—1138
1427 2532 1510 2567 oder
1530 2533 1621 2567 1140

60 2588 146 2625 oder
171 2591 263 2625 1141
289 2591 425 2635 regiert
451 2591 577 2627 haben.

202 2650 239 2694 2)
265 2649 395 2685 Hierzu
423 2651 495 2694 vgl.
522 2650 579 2685 die
605 2650 829 2696 Einleitung.‘

200 2708 236 2752 3)
262 2707 329 2742 Die
355 2708 467 2743 Stelle
494 2709 628 2744 konnte
659 2711 748 2745 auch
774 2711 844 2745 mit
876 2710 984 2745 Hi'rlfe
1018 2709 1078 2745 des
1104 2710 1346 2754 weitlaufigen
1372 2711 1556 2753 Registers
1582 2710 1618 2744 in

59 2764 121 2801 der
145 2766 311 2810 Ausgabe
337 2766 398 2802 der
422 2768 548 2803 Werke
574 2769 686 2814 Papst
711 2769 863 2813 Gregors
888 2770 918 2805 I.
944 2771 1074 2804 Romae
1096 2771 1185 2804 1613
1203 2770 1305 2804 nicht
1329 2769 1508 2813 gesunden
1535 2779 1620 2803 wer-

59 2824 140 2860 den.
181 2825 379 2861 Aehnliehe
414 2826 607 2862 Gedanken
634 2828 769 2872 spricht
800 2828 935 2873 Gregor
960 2839 1022 2863 aus
1060 2829 1097 2862 in
1137 2827 1198 2862 der
1224 2830 1256 2863 9.
1282 2828 1353 2863 und
1381 2830 1435 2863 10.
1463 2827 1619 2864 Homilie

59 2894 102 2918 zu
127 2883 289 2918 Ezechiel
319 2884 382 2919 lib.
409 2885 436 2920 I.
