1801 3213
207 165 293 206 200
606 163 702 205 Vita
733 163 882 217 rythm.
905 174 937 204 s.
970 161 1164 216 Liudgeri
1194 162 1263 203 let.
1297 161 1350 202 ΙΙ.

419 282 504 324 Nec
534 282 607 323 heo
639 282 817 323 deserere
848 280 944 322 licet
974 280 1063 321 fuso
1094 279 1302 333 sanguine,

258 354 357 395 890.
493 353 533 394 et
563 352 667 406 quod
698 350 826 393 omnis
858 351 976 392 homo
1007 350 1119 392 vivat
1160 350 1202 391 in
1233 350 1305 392 hoc
1338 350 1433 392 solo.

418 434 466 468 Et
491 435 574 479 quia
605 433 743 468 obitum
774 422 894 476 longe
925 422 1018 462 ante
1050 421 1259 475 cognitum

488 493 600 527 sensit
625 491 869 536 propinquare,
896 491 995 525 venit
1021 493 1203 535 expectare

418 563 460 598 In
489 552 588 594 Villa
619 563 751 608 aliqua,
779 573 847 607 qua
872 561 945 597 fuit
970 573 989 596 a
1001 573 1019 596 e
1030 573 1046 596 o
1056 572 1072 596 c
1083 561 1094 596 l
1107 572 1124 596 e
1134 561 1202 596 sia
1215 589 1222 603 ,

488 621 688 656 Billerbeke
714 621 821 663 dicta,
847 621 962 665 sepius
987 620 1157 665 predicta,

258 669 356 711 895·
418 680 489 715 Ubi
514 680 660 716 liberius
686 681 722 715 in
748 691 767 714 ο
779 693 795 715 r
805 691 825 714 a
836 679 1015 714 cionibus
1032 682 1043 699 ¹

489 742 526 774 et
552 740 589 774 in
615 751 658 784 ps
669 740 753 774 alm
763 750 781 773 0
792 739 813 773 d
824 739 869 773 iis
881 739 894 758 '2
920 739 1062 775 Christo
1087 750 1123 773 se
1149 738 1276 773 univit.

418 797 672 834 Curacionibus
697 801 782 833 tune
807 798 1040 833 exterioribus

489 858 626 902 positis,
653 858 794 892 omnino
820 857 915 892 hesit
939 858 1013 892 Deo
1041 857 1132 897 vivo,

419 916 533 952 Carne
559 916 734 957 deficiens,
761 917 953 962 spiritu3
979 916 1173 961 proficiens,

259 964 356 1007 900·
489 986 629 1020 corpore
654 975 812 1017 cadente,
839 977 969 1021 spiritu
996 974 1198 1015 scandente,

419 1034 468 1069 Et
493 1035 553 1080 qui
579 1034 803 1076 substiterat,
836 1035 893 1069 vix
919 1036 1040 1069 tamen
1065 1033 1264 1068 confecerat

491 1094 694 1128 cottidie
720 1095 794 1139 ipse
819 1094 1144 1128 sacramentum
1169 1093 1331 1127 missae.

420 1153 540 1197 Igitur
565 1153 727 1188 omnibus
754 1154 855 1187 homo
881 1153 1134 1187 dilectissimus

491 1223 552 1247 ens
577 1212 691 1247 adhuc
715 1213 752 1247 in
778 1214 874 1247 terra
900 1214 1007 1257 atque
1032 1210 1077 1245 ad
1102 1221 1253 1255 superna

260 1259 358 1302 905·
419 1270 571 1305 Paratus
595 1281 752 1316 pergere,
779 1271 837 1305 vix
862 1272 1051 1305 contentus
1076 1280 1227 1314 corpore,

490 1332 603 1365 terras
628 1331 827 1371 relicturus,
853 1330 944 1364 celos
970 1328 1173 1374 adepturus.

421 1388 509 1425 Cum
534 1389 606 1424 iam
632 1389 654 1424 d
667 1400 686 1423 o
700 1400 734 1423 m
748 1390 761 1424 i
774 1401 797 1423 n
809 1389 820 1423 i
831 1399 847 1423 c
858 1399 879 1423 a
904 1389 1065 1422 affuisset
1089 1388 1219 1422 ultima

492 1448 561 1483 sibi
587 1449 624 1482 in
650 1448 673 1482 h
683 1459 702 1483 o
713 1459 731 1483 c
755 1459 790 1482 m
800 1459 824 1482 u
835 1459 857 1482 n
869 1447 891 1481 d
904 1458 923 1482 ο
948 1446 1067 1482 studio
1092 1446 1263 1487 mirando,

422 1508 439 1542 Ι
450 1519 472 1542 11
498 1507 658 1543 Cuosfelt
683 1508 805 1553 aliqua
831 1517 972 1542 suarum
998 1517 1043 1541 ae
1054 1518 1071 1540 c
1081 1506 1120 1540 cl
1131 1517 1148 1541 e
1157 1506 1218 1541 sia

261 1556 358 1598 910.
491 1567 588 1611 prius
613 1577 748 1601 summo
774 1577 895 1601 mane
920 1566 1071 1600 missas
1097 1564 1324 1600 celebrare

421 1625 444 1660 J
446 1627 537 1660 ussit
561 1637 583 1671 p
593 1638 609 1660 r
620 1637 637 1660 e
647 1638 662 1660 s
672 1625 716 1660 bi
726 1628 743 1660 t
753 1636 770 1660 e
781 1637 868 1666 rum,
896 1624 1022 1660 deinde
1048 1623 1093 1659 ad
1118 1624 1284 1669 populum

492 1699 687 1741 magnum
719 1708 780 1742 per
805 1708 958 1732 amorem
984 1696 1116 1731 fecerat
1141 1706 1345 1730 sermonem.

423 1756 471 1790 Et
496 1756 601 1791 factis
628 1756 790 1791 omnibus
817 1756 880 1798 ibi,
907 1755 1069 1801 quamvis
1094 1753 1296 1798 languidus,

493 1815 694 1850 Billerbeke
720 1817 771 1850 ire
795 1816 921 1850 statim
948 1815 1025 1859 ipsa
1051 1814 1107 1848 die

263 1863 361 1905 915·
422 1873 453 1909 A
479 1885 516 1909 se
540 1877 716 1918 exegerat,
742 1877 798 1909 set
822 1885 883 1919 per
907 1873 1088 1909 Christum
1116 1875 1267 1918 poterat,

493 1935 535 1968 ut
560 1934 694 1978 egisset
718 1934 792 1978 ipse
818 1933 869 1968 ibi
896 1935 1016 1967 actum
1041 1933 1203 1971 missae,

424 1992 536 2035 Quam
563 1995 640 2027 toto
667 1994 784 2027 animo
811 2003 999 2037 suspensus
1024 1992 1062 2026 in
1087 1992 1249 2031 Domino,

494 2054 681 2097 postquam
706 2053 779 2087 iam
803 2052 944 2096 peregit
970 2054 1006 2086 et
1032 2061 1225 2085 sermonem
1252 2049 1348 2088 fecit,

424 2110 573 2146 Faciens
598 2111 726 2146 ultima
752 2113 793 2145 ut
817 2111 855 2146 in
889 2110 1049 2146 Cuosfelt
1074 2109 1219 2149 monita,

263 2160 362 2202 920·
493 2170 579 2211 Deo,
606 2171 667 2215 qui
692 2171 837 2211 creavit,
863 2180 983 2204 omnes
1009 2168 1279 2203 commendavit.

424 2241 512 2276 Erat
538 2252 619 2276 nam
646 2241 846 2286 populus4
877 2230 950 2271 illa
982 2229 1046 2270 die
1083 2228 1280 2282 plurimus

494 2302 763 2356 congregatus
796 2300 853 2343 ibi
885 2301 948 2343 vel
980 2312 1190 2342 occurrens
1222 2299 1312 2349 sibi,

426 2371 495 2414 Qui
520 2374 625 2416 post
650 2372 728 2406 hec
754 2372 871 2405 omnia
896 2370 1037 2405 redibat
1063 2370 1106 2404 ad
1132 2370 1282 2413 propria,

496 2430 632 2475 presule
658 2430 787 2465 dilecto
813 2429 864 2464 ibi
890 2430 1069 2464 derelicto.

357 2560 437 2594 890.
463 2559 536 2594 solo
563 2571 664 2602 corr„
692 2561 758 2594 wo]
783 2571 850 2594 ans
867 2559 982 2593 seculo
1003 2558 1042 2592 T.
1072 2578 1114 2583 —-
1141 2558 1219 2592 915.
1238 2557 1463 2601 se—poterat
1488 2566 1577 2590 corr.
1606 2553 1681 2589 und
1698 2554 1764 2588 wie

215 2620 250 2654 I.
275 2621 369 2654 1338
395 2619 436 2653 Τ.
463 2637 505 2642 —
532 2619 610 2654 917.
638 2618 749 2661 Quam
775 2630 865 2654 corr.
895 2619 934 2652 T.
963 2637 1006 2642 —-
1033 2619 1110 2652 918.
1138 2628 1170 2661 p.
1198 2617 1268 2650 iam
1294 2615 1434 2660 peregit
1463 2624 1552 2649 corr.
1582 2613 1621 2647 T.

361 2785 394 2828 1)
421 2783 507 2818 Vita
532 2783 597 2817 ΙΙΙ.
626 2783 651 2816 Ι.
669 2794 696 2816 c.
727 2803 767 2806 —
795 2784 829 2827 2)
857 2782 943 2816 Vita
968 2782 1016 2815 11.
1035 2792 1061 2815 c.
1081 2782 1137 2816 33.
1166 2800 1207 2805 —·
1233 2782 1268 2825 3)
1296 2779 1382 2814 Vita
1408 2779 1436 2814 I.
1455 2779 1480 2814 1.
1498 2789 1526 2813 c.
1554 2797 1597 2802 --
1622 2777 1658 2821 4)
1677 2776 1765 2811 Vita

216 2842 266 2877 II.
304 2842 326 2877 1.
362 2853 389 2877 c.
