1801 3213
225 153 309 195 194
621 153 718 194 Vita
748 154 897 207 rythm.
931 166 961 194 s.
986 152 1179 207 Liudgeri
1215 153 1284 196 let.
1318 153 1369 194 II.

433 271 539 312 Nam
574 271 619 311 ut
650 271 739 323 post
770 270 916 323 patuit,
949 270 1132 322 quamvis
1164 270 1296 312 adhuc
1327 270 1464 320 latuit,

502 341 635 382 lacum
670 340 760 393 plus
793 341 935 382 dilexit
966 354 1086 394 quam
1118 341 1273 395 iugum,
1306 341 1410 394 quod
1441 342 1582 396 gessit.

435 411 512 453 Sed
545 411 660 453 homo
693 412 865 461 nescius,
898 412 1001 464 quod
1034 412 1138 453 esset
1170 411 1364 462 diabolus,

503 482 561 523 ire
593 483 734 523 bovem
767 481 896 532 iussit,
934 482 999 524 cui
1031 495 1122 534 sepe
1153 481 1275 522 dixit:

273 553 369 595 705.
434 553 601 604 ,Fraten
634 565 712 593 non
744 553 873 603 hodie,
907 554 952 594 ut
983 553 1069 593 heri
1102 554 1142 594 et
1173 552 1315 605 pridie,

501 624 608 665 certe
639 623 754 664 ludes
788 637 957 674 meeum,
990 624 1059 667 sed
1091 624 1212 665 arabo
1243 625 1406 665 tecum‘.

431 694 489 736 At
521 694 591 735 ille
623 695 796 736 cesserat
832 696 1091 747 aratrumque
1122 695 1315 743 traxerat,

502 765 602 806 satis
634 766 679 805 ut
710 765 878 817 pateret,
912 764 1029 805 illum
1069 764 1173 817 quod
1204 765 1359 806 arceret

432 836 573 878 Virtus
605 835 797 876 altissimi
836 835 897 876 sui
930 836 1060 877 sancti
1092 836 1236 877 famuli

272 907 369 948 710.
504 906 662 948 meritis
694 906 887 961 Liudgeri
921 919 990 960 per
1022 907 1214 960 angelum
1247 906 1336 948 Dei.

431 977 580 1019 Mirum
605 978 709 1031 quod
742 977 928 1028 dicimus,
962 977 1175 1032 vulgatum
1208 991 1231 1018 a
1263 977 1460 1030 pluribus,

499 1048 673 1103 triginta
707 1049 861 1090 dierum
894 1062 990 1101 opus
1022 1050 1118 1090 tunc
1150 1049 1376 1102 impletum,

434 1119 556 1161 Dic-tu
591 1119 790 1169 mirabile,
823 1120 958 1160 aratro
990 1132 1080 1160 cum
1113 1119 1273 1160 homine

503 1190 594 1243 plus
628 1203 746 1242 quam
781 1202 970 1242 umquam
1003 1190 1097 1230 aute
1130 1189 1193 1230 vel
1225 1189 1391 1241 posthac
1423 1189 1606 1233 durante.

271 1262 368 1304 715.
432 1261 486 1302 Et
519 1261 613 1302 dum
646 1261 728 1301 iam
761 1261 902 1301 aderat
933 1260 1042 1310 hora,
1076 1273 1152 1313 qua
1185 1260 1379 1302 debuerat

500 1332 679 1374 aratrum
714 1330 882 1380 dimitti,
917 1330 1077 1372 vincula
1116 1331 1285 1381 remitti,

431 1403 595 1446 Solutus
628 1401 731 1443 abiit
762 1401 833 1442 ille
866 1403 906 1442 et
937 1401 1084 1443 insiliit

500 1474 708 1526 Arnapam
740 1473 780 1513 et
812 1472 982 1526 dignum
1013 1471 1134 1525 liquit
1165 1471 1223 1513 ibi
1255 1472 1430 1527 signum.

430 1545 536 1587 Nam
569 1556 692 1597 usque
723 1543 840 1585 hodie
873 1542 930 1584 ibi
966 1543 1103 1584 ferunt
1133 1543 1287 1584 incolae

271 1617 367 1658 720.
504 1615 695 1657 incidisse
728 1615 859 1667 ipsum
899 1614 1108 1655 demonem
1140 1614 1343 1669 abyssum,

430 1686 516 1738 Qua
549 1686 668 1727 datur
701 1698 861 1727 cernere
893 1685 933 1726 in
967 1685 1142 1738 quadam
1174 1685 1366 1738 voragine

499 1758 660 1811 aliquod
693 1757 949 1810 profundum,
982 1757 1086 1810 quod
1117 1769 1195 1797 non
1226 1756 1350 1798 habet
1382 1756 1569 1798 fundum.

326 1841 380 1874 16.
430 1828 577 1870 Adhuc
609 1828 888 1881 Westphaliae
920 1827 1041 1868 multi
1082 1828 1252 1869 narrant
1283 1827 1450 1878 incolae,

499 1899 557 1941 ibi
589 1899 693 1951 quod
726 1899 868 1940 fecisse
899 1900 1028 1940 fertur
1060 1898 1167 1939 idem
1199 1898 1297 1951 ipse.

270 1970 367 2012 725.
429 1970 542 2012 Villa
574 1970 826 2023 Westphalie
863 1970 1095 2011 Billerbeke
1127 1969 1287 2011 nomine

500 2041 561 2082 est
592 2041 711 2094 atque
744 2041 786 2081 in
819 2041 892 2081 illa
923 2041 1058 2094 presul
1090 2040 1170 2081 fuit
1201 2040 1323 2090 villa,

429 2111 620 2153 Rusticus
652 2111 799 2164 aliquis
831 2112 918 2154 illic
956 2111 1059 2152 dixit
1089 2111 1244 2164 aliquid

500 2181 716 2234 displicens
747 2182 908 2223 omnino
939 2181 1156 2223 reverendo
1187 2181 1283 2224 viro.

430 2252 606 2302 Grando,
639 2253 720 2303 nix,
753 2253 913 2305 pluviae
946 2253 1018 2294 illo
1050 2253 1165 2294 erant
1195 2253 1388 2305 tempore,

269 2324 365 2365 730.
501 2324 644 2377 quibus
678 2324 810 2365 verbis
842 2324 931 2365 istis
968 2324 1118 2365 stultus
1150 2323 1382 2365 maledixit:

429 2393 597 2445 ,Auram
629 2396 701 2436 hoc
734 2396 910 2447 tempore
942 2394 1090 2445 fecisti,
1124 2394 1296 2445 diabole,

499 2465 553 2506 sit
584 2467 803 2519 tempestas
834 2466 914 2506 ista
945 2467 1079 2506 tecum
1111 2465 1358 2506 maledicta‘.

429 2535 602 2577 Audisse
635 2537 763 2591 igitur
794 2537 867 2578 hec
900 2536 1127 2590 Liudgerus
1159 2536 1309 2577 dicitur

499 2607 539 2648 et
570 2619 660 2648 mox
692 2607 903 2658 iudicasse,
937 2619 1042 2648 nunc
1074 2605 1315 2648 servandum
1348 2618 1446 2657 esse,

359 2770 436 2804 712.
464 2770 619 2814 triginta
645 2782 734 2806 corr.
763 2771 802 2804 T.
831 2790 873 2794 —
902 2771 978 2804 716.
1006 2781 1096 2805 corr.
1124 2771 1163 2804 iu
1188 2769 1367 2804 uinculvm
1397 2770 1436 2804 T.
1466 2790 1509 2794 -—
1536 2770 1612 2805 723.
1640 2769 1682 2804 de
1708 2781 1766 2804 ru—

216 2828 305 2863 stico
330 2829 559 2864 maledicenti
594 2830 743 2873 tempori
778 2829 974 2863 turbilento
1008 2841 1042 2864 a.
1067 2829 1113 2864 R.
1143 2829 1182 2864 T.
1219 2849 1262 2853 -—
1300 2830 1377 2863 731.
1415 2830 1547 2864 Auram
1572 2840 1663 2866 corr.
1688 2829 1767 2865 und

215 2888 281 2922 wie
305 2887 338 2921 Ι.
364 2890 458 2922 1338
486 2888 525 2923 Τ.
553 2908 596 2913 —
624 2890 701 2923 733.
728 2887 916 2922 Audivisse
942 2888 1034 2923 Bon.
