<?xml version="1.0" encoding="UTF-8"?>
<!DOCTYPE html PUBLIC "-//W3C//DTD XHTML 1.0 Transitional//EN"
    "http://www.w3.org/TR/xhtml1/DTD/xhtml1-transitional.dtd">
<html xmlns="http://www.w3.org/1999/xhtml" xml:lang="en" lang="en">
 <head>
  <title>
</title>
<meta http-equiv="Content-Type" content="text/html;charset=utf-8" />
  <meta name='ocr-system' content='tesseract 3.04.00' />
  <meta name='ocr-capabilities' content='ocr_page ocr_carea ocr_par ocr_line ocrx_word'/>
</head>
<body>
  <div class='ocr_page' id='page_1' title='image "./dievitaesanctili00altfuoft_0292.png"; bbox 0 0 1864 3213; ppageno 0'>
   <div class='ocr_carea' id='block_1_1' title="bbox 252 162 1401 217">
    <p class='ocr_par' dir='ltr' id='par_1_1' title="bbox 252 162 1401 217">
     <span class='ocr_line' id='line_1_1' title="bbox 252 162 1401 217; baseline -0.002 -11"><span class='ocrx_word' id='word_1_1' title='bbox 252 165 337 207; x_wconf 72' lang='lat'>164</span> <span class='ocrx_word' id='word_1_2' title='bbox 651 163 749 205; x_wconf 88' lang='lat' dir='ltr'>Vita</span> <span class='ocrx_word' id='word_1_3' title='bbox 784 163 934 217; x_wconf 82' lang='lat' dir='ltr'>rythm.</span> <span class='ocrx_word' id='word_1_4' title='bbox 973 175 1004 204; x_wconf 90' lang='lat' dir='ltr'>s.</span> <span class='ocrx_word' id='word_1_5' title='bbox 1037 162 1231 217; x_wconf 82' lang='lat' dir='ltr'>Lindgeri</span> <span class='ocrx_word' id='word_1_6' title='bbox 1263 163 1333 204; x_wconf 81' lang='lat' dir='ltr'>let.</span> <span class='ocrx_word' id='word_1_7' title='bbox 1369 163 1401 204; x_wconf 88' lang='grc' dir='ltr'>Ι.</span> 
     </span>
    </p>
   </div>
   <div class='ocr_carea' id='block_1_2' title="bbox 462 278 1353 383">
    <p class='ocr_par' dir='ltr' id='par_1_2' title="bbox 462 278 1353 383">
     <span class='ocr_line' id='line_1_2' title="bbox 462 278 1205 316; baseline -0.003 -1"><span class='ocrx_word' id='word_1_8' title='bbox 462 280 506 315; x_wconf 90' lang='lat' dir='ltr'>In</span> <span class='ocrx_word' id='word_1_9' title='bbox 532 291 593 316; x_wconf 87' lang='lat' dir='ltr'>suo</span> <span class='ocrx_word' id='word_1_10' title='bbox 620 281 778 315; x_wconf 87' lang='lat' dir='ltr'>transitu</span> <span class='ocrx_word' id='word_1_11' title='bbox 804 280 861 314; x_wconf 87' lang='lat' dir='ltr'>vel</span> <span class='ocrx_word' id='word_1_12' title='bbox 886 279 927 314; x_wconf 91' lang='lat' dir='ltr'>de</span> <span class='ocrx_word' id='word_1_13' title='bbox 953 278 1082 314; x_wconf 88' lang='lat' dir='ltr'>mundo</span> <span class='ocrx_word' id='word_1_14' title='bbox 1108 280 1205 314; x_wconf 84' lang='lat' dir='ltr'>exitu</span> 
     </span>
     <span class='ocr_line' id='line_1_3' title="bbox 532 338 1353 383; baseline -0.001 -10"><span class='ocrx_word' id='word_1_15' title='bbox 532 340 625 374; x_wconf 85' lang='lat' dir='ltr'>esset</span> <span class='ocrx_word' id='word_1_16' title='bbox 652 338 737 383; x_wconf 88' lang='lat' dir='ltr'>quid</span> <span class='ocrx_word' id='word_1_17' title='bbox 761 338 972 382; x_wconf 64' lang='lat' dir='ltr'>Liudgemw,</span> <span class='ocrx_word' id='word_1_18' title='bbox 1003 338 1197 373; x_wconf 70' lang='lat' dir='ltr'>declaravit</span> <span class='ocrx_word' id='word_1_19' title='bbox 1221 338 1316 373; x_wconf 86' lang='lat' dir='ltr'>Deus</span> <span class='ocrx_word' id='word_1_20' title='bbox 1329 339 1353 373; x_wconf 82' lang='lat'>1.</span> 
     </span>
    </p>
   </div>
   <div class='ocr_carea' id='block_1_3' title="bbox 370 398 1386 513">
    <p class='ocr_par' dir='ltr' id='par_1_3' title="bbox 370 398 1386 513">
     <span class='ocr_line' id='line_1_4' title="bbox 370 398 1386 453; baseline -0.007 -8"><span class='ocrx_word' id='word_1_21' title='bbox 370 411 426 446; x_wconf 80' lang='lat'>20.</span> <span class='ocrx_word' id='word_1_22' title='bbox 464 409 662 453; x_wconf 77' lang='lat' dir='ltr'>Liudgerus</span> <span class='ocrx_word' id='word_1_23' title='bbox 687 409 814 453; x_wconf 76' lang='lat' dir='ltr'>igitur,</span> <span class='ocrx_word' id='word_1_24' title='bbox 847 399 892 439; x_wconf 90' lang='lat' dir='ltr'>ut</span> <span class='ocrx_word' id='word_1_25' title='bbox 923 399 965 439; x_wconf 87' lang='lat' dir='ltr'>in</span> <span class='ocrx_word' id='word_1_26' title='bbox 997 398 1158 451; x_wconf 86' lang='lat' dir='ltr'>scriptis</span> <span class='ocrx_word' id='word_1_27' title='bbox 1189 398 1340 452; x_wconf 80' lang='lat' dir='ltr'>legitur</span> <span class='ocrx_word' id='word_1_28' title='bbox 1359 399 1386 450; x_wconf 75' lang='lat'>2,</span> 
     </span>
     <span class='ocr_line' id='line_1_5' title="bbox 532 468 1332 513; baseline 0 -11"><span class='ocrx_word' id='word_1_29' title='bbox 532 469 603 502; x_wconf 88' lang='lat' dir='ltr'>iam</span> <span class='ocrx_word' id='word_1_30' title='bbox 629 468 767 502; x_wconf 85' lang='lat' dir='ltr'>ditatus</span> <span class='ocrx_word' id='word_1_31' title='bbox 792 469 907 503; x_wconf 85' lang='lat' dir='ltr'>tantis</span> <span class='ocrx_word' id='word_1_32' title='bbox 932 480 992 513; x_wconf 85' lang='lat' dir='ltr'>per</span> <span class='ocrx_word' id='word_1_33' title='bbox 1022 469 1174 502; x_wconf 82' lang='lat' dir='ltr'>Leonem</span> <span class='ocrx_word' id='word_1_34' title='bbox 1200 468 1332 502; x_wconf 86' lang='lat' dir='ltr'>sanctis</span> 
     </span>
    </p>
   </div>
   <div class='ocr_carea' id='block_1_4' title="bbox 300 517 1339 629">
    <p class='ocr_par' dir='ltr' id='par_1_4' title="bbox 300 517 1339 629">
     <span class='ocr_line' id='line_1_6' title="bbox 300 517 1109 572; baseline -0.002 -9"><span class='ocrx_word' id='word_1_35' title='bbox 300 517 398 559; x_wconf 69' lang='grc'>945·</span> <span class='ocrx_word' id='word_1_36' title='bbox 461 528 509 562; x_wconf 89' lang='lat' dir='ltr'>Et</span> <span class='ocrx_word' id='word_1_37' title='bbox 534 528 729 572; x_wconf 81' lang='lat' dir='ltr'>apostolica</span> <span class='ocrx_word' id='word_1_38' title='bbox 755 528 953 562; x_wconf 75' lang='lat' dir='ltr'>consolatus</span> <span class='ocrx_word' id='word_1_39' title='bbox 979 528 1109 571; x_wconf 84' lang='lat' dir='ltr'>gracia,</span> 
     </span>
     <span class='ocr_line' id='line_1_7' title="bbox 531 585 1339 629; baseline -0.002 -8"><span class='ocrx_word' id='word_1_40' title='bbox 531 587 588 621; x_wconf 87' lang='lat' dir='ltr'>vel</span> <span class='ocrx_word' id='word_1_41' title='bbox 614 586 655 620; x_wconf 88' lang='lat' dir='ltr'>de</span> <span class='ocrx_word' id='word_1_42' title='bbox 682 586 937 628; x_wconf 71' lang='lat' dir='ltr'>construendis,</span> <span class='ocrx_word' id='word_1_43' title='bbox 964 587 1019 620; x_wconf 89' lang='lat' dir='ltr'>vel</span> <span class='ocrx_word' id='word_1_44' title='bbox 1050 586 1092 620; x_wconf 91' lang='lat' dir='ltr'>de</span> <span class='ocrx_word' id='word_1_45' title='bbox 1119 585 1339 629; x_wconf 70' lang='lat' dir='ltr'>colligendis,</span> 
     </span>
    </p>
   </div>
   <div class='ocr_carea' id='block_1_5' title="bbox 461 646 1381 760">
    <p class='ocr_par' dir='ltr' id='par_1_5' title="bbox 461 646 1381 760">
     <span class='ocr_line' id='line_1_8' title="bbox 461 646 1297 701; baseline -0.007 -9"><span class='ocrx_word' id='word_1_46' title='bbox 461 658 545 693; x_wconf 89' lang='lat' dir='ltr'>Ibat</span> <span class='ocrx_word' id='word_1_47' title='bbox 570 658 621 692; x_wconf 89' lang='lat' dir='ltr'>ad</span> <span class='ocrx_word' id='word_1_48' title='bbox 646 669 679 691; x_wconf 77' lang='lat' dir='ltr'>n]</span> <span class='ocrx_word' id='word_1_49' title='bbox 692 669 711 691; x_wconf 90' lang='lat'>0</span> <span class='ocrx_word' id='word_1_50' title='bbox 721 669 743 691; x_wconf 86' lang='lat' dir='ltr'>n</span> <span class='ocrx_word' id='word_1_51' title='bbox 755 668 775 691; x_wconf 85' lang='lat' dir='ltr'>a</span> <span class='ocrx_word' id='word_1_52' title='bbox 787 658 866 692; x_wconf 89' lang='lat' dir='ltr'>chos</span> <span class='ocrx_word' id='word_1_53' title='bbox 893 658 930 692; x_wconf 88' lang='lat' dir='ltr'>in</span> <span class='ocrx_word' id='word_1_54' title='bbox 957 646 1121 688; x_wconf 75' lang='lat' dir='ltr'>CaSSiHO</span> <span class='ocrx_word' id='word_1_55' title='bbox 1153 657 1297 701; x_wconf 66' lang='lat' dir='ltr'>positos,</span> 
     </span>
     <span class='ocr_line' id='line_1_9' title="bbox 530 715 1381 760; baseline -0.001 -9"><span class='ocrx_word' id='word_1_56' title='bbox 530 719 651 752; x_wconf 86' lang='lat' dir='ltr'>monte</span> <span class='ocrx_word' id='word_1_57' title='bbox 677 717 705 750; x_wconf 88' lang='lat' dir='ltr'>B</span> <span class='ocrx_word' id='word_1_58' title='bbox 716 728 732 751; x_wconf 86' lang='lat' dir='ltr'>e</span> <span class='ocrx_word' id='word_1_59' title='bbox 744 728 767 750; x_wconf 90' lang='lat' dir='ltr'>n</span> <span class='ocrx_word' id='word_1_60' title='bbox 777 727 793 750; x_wconf 95' lang='lat' dir='ltr'>e</span> <span class='ocrx_word' id='word_1_61' title='bbox 804 716 876 750; x_wconf 87' lang='lat' dir='ltr'>dic</span> <span class='ocrx_word' id='word_1_62' title='bbox 891 717 930 751; x_wconf 87' lang='lat' dir='ltr'>ti</span> <span class='ocrx_word' id='word_1_63' title='bbox 957 717 1052 751; x_wconf 88' lang='lat' dir='ltr'>inter</span> <span class='ocrx_word' id='word_1_64' title='bbox 1077 718 1217 750; x_wconf 87' lang='lat' dir='ltr'>sanctos</span> <span class='ocrx_word' id='word_1_65' title='bbox 1243 715 1381 760; x_wconf 87' lang='lat' dir='ltr'>scripti,</span> 
     </span>
    </p>
   </div>
   <div class='ocr_carea' id='block_1_6' title="bbox 300 776 1706 1534">
    <p class='ocr_par' dir='ltr' id='par_1_6' title="bbox 300 776 1706 1534">
     <span class='ocr_line' id='line_1_10' title="bbox 463 776 1335 831; baseline -0.002 -13"><span class='ocrx_word' id='word_1_66' title='bbox 463 776 585 818; x_wconf 85' lang='lat' dir='ltr'>Cuius</span> <span class='ocrx_word' id='word_1_67' title='bbox 619 777 837 831; x_wconf 77' lang='lat' dir='ltr'>Gregorius</span> <span class='ocrx_word' id='word_1_68' title='bbox 869 789 1042 830; x_wconf 81' lang='lat' dir='ltr'>magnus</span> <span class='ocrx_word' id='word_1_69' title='bbox 1075 777 1114 817; x_wconf 90' lang='lat' dir='ltr'>et</span> <span class='ocrx_word' id='word_1_70' title='bbox 1146 776 1335 830; x_wconf 79' lang='lat' dir='ltr'>egregius</span> 
     </span>
     <span class='ocr_line' id='line_1_11' title="bbox 300 846 1503 899; baseline 0.001 -11"><span class='ocrx_word' id='word_1_71' title='bbox 300 847 398 891; x_wconf 77' lang='lat'>950,</span> <span class='ocrx_word' id='word_1_72' title='bbox 535 848 795 888; x_wconf 67' lang='lat' dir='ltr'>sanctitatem</span> <span class='ocrx_word' id='word_1_73' title='bbox 829 847 910 889; x_wconf 85' lang='lat' dir='ltr'>suis</span> <span class='ocrx_word' id='word_1_74' title='bbox 943 847 1141 888; x_wconf 86' lang='lat' dir='ltr'>monstrat</span> <span class='ocrx_word' id='word_1_75' title='bbox 1173 848 1214 887; x_wconf 88' lang='lat' dir='ltr'>in</span> <span class='ocrx_word' id='word_1_76' title='bbox 1247 846 1457 899; x_wconf 87' lang='lat' dir='ltr'>scripturis</span> <span class='ocrx_word' id='word_1_77' title='bbox 1474 847 1503 889; x_wconf 74' lang='lat'>3.</span> 
     </span>
     <span class='ocr_line' id='line_1_12' title="bbox 461 917 1436 963; baseline -0.004 1"><span class='ocrx_word' id='word_1_78' title='bbox 461 928 529 963; x_wconf 85' lang='lat' dir='ltr'>Hic</span> <span class='ocrx_word' id='word_1_79' title='bbox 556 928 646 963; x_wconf 87' lang='lat' dir='ltr'>bono</span> <span class='ocrx_word' id='word_1_80' title='bbox 673 929 788 963; x_wconf 75' lang='lat' dir='ltr'>omine</span> <span class='ocrx_word' id='word_1_81' title='bbox 814 918 1169 959; x_wconf 81' lang='lat' dir='ltr'>Theotmarum</span> <span class='ocrx_word' id='word_1_82' title='bbox 1202 917 1436 960; x_wconf 76' lang='lat' dir='ltr'>nomine4</span> 
     </span>
     <span class='ocr_line' id='line_1_13' title="bbox 531 989 1359 1043; baseline -0.002 -9"><span class='ocrx_word' id='word_1_83' title='bbox 531 1000 673 1034; x_wconf 84' lang='lat' dir='ltr'>invenit</span> <span class='ocrx_word' id='word_1_84' title='bbox 704 990 888 1042; x_wconf 65' lang='lat' dir='ltr'>DepOtem</span> <span class='ocrx_word' id='word_1_85' title='bbox 919 999 1118 1043; x_wconf 81' lang='lat' dir='ltr'>Liudgerus</span> <span class='ocrx_word' id='word_1_86' title='bbox 1147 989 1359 1030; x_wconf 42' lang='lat' dir='ltr'>abbatem:</span> 
     </span>
     <span class='ocr_line' id='line_1_14' title="bbox 462 1060 1293 1115; baseline -0.002 -13"><span class='ocrx_word' id='word_1_87' title='bbox 462 1069 649 1114; x_wconf 73' lang='lat' dir='ltr'>Susceptus</span> <span class='ocrx_word' id='word_1_88' title='bbox 675 1071 789 1115; x_wconf 55' lang='lat' dir='ltr'>igitur</span> <span class='ocrx_word' id='word_1_89' title='bbox 815 1060 866 1101; x_wconf 89' lang='lat' dir='ltr'>ad</span> <span class='ocrx_word' id='word_1_90' title='bbox 898 1060 1093 1101; x_wconf 86' lang='lat' dir='ltr'>orandum</span> <span class='ocrx_word' id='word_1_91' title='bbox 1126 1060 1293 1101; x_wconf 86' lang='lat' dir='ltr'>ducibus</span> 
     </span>
     <span class='ocr_line' id='line_1_15' title="bbox 533 1130 1181 1184; baseline -0.002 -13"><span class='ocrx_word' id='word_1_92' title='bbox 533 1143 641 1172; x_wconf 86' lang='lat' dir='ltr'>more</span> <span class='ocrx_word' id='word_1_93' title='bbox 673 1131 843 1173; x_wconf 82' lang='lat' dir='ltr'>salutari</span> <span class='ocrx_word' id='word_1_94' title='bbox 874 1130 958 1172; x_wconf 89' lang='lat' dir='ltr'>sive</span> <span class='ocrx_word' id='word_1_95' title='bbox 989 1131 1181 1184; x_wconf 82' lang='lat' dir='ltr'>regulari,</span> 
     </span>
     <span class='ocr_line' id='line_1_16' title="bbox 302 1199 1580 1254; baseline 0.002 -13"><span class='ocrx_word' id='word_1_96' title='bbox 302 1199 399 1243; x_wconf 69' lang='lat'>955.</span> <span class='ocrx_word' id='word_1_97' title='bbox 462 1201 681 1254; x_wconf 86' lang='lat' dir='ltr'>Postquam</span> <span class='ocrx_word' id='word_1_98' title='bbox 714 1202 871 1243; x_wconf 85' lang='lat' dir='ltr'>oratum</span> <span class='ocrx_word' id='word_1_99' title='bbox 905 1202 979 1251; x_wconf 90' lang='lat' dir='ltr'>est,</span> <span class='ocrx_word' id='word_1_100' title='bbox 1012 1201 1192 1242; x_wconf 86' lang='lat' dir='ltr'>osculum</span> <span class='ocrx_word' id='word_1_101' title='bbox 1225 1213 1314 1243; x_wconf 81' lang='lat' dir='ltr'>mox</span> <span class='ocrx_word' id='word_1_102' title='bbox 1346 1201 1488 1243; x_wconf 86' lang='lat' dir='ltr'>datum</span> <span class='ocrx_word' id='word_1_103' title='bbox 1520 1202 1580 1243; x_wconf 88' lang='lat' dir='ltr'>est</span> 
     </span>
     <span class='ocr_line' id='line_1_17' title="bbox 533 1272 1303 1325; baseline -0.003 -11"><span class='ocrx_word' id='word_1_104' title='bbox 533 1285 626 1314; x_wconf 85' lang='lat' dir='ltr'>vere</span> <span class='ocrx_word' id='word_1_105' title='bbox 658 1272 847 1314; x_wconf 82' lang='lat' dir='ltr'>karitatis</span> <span class='ocrx_word' id='word_1_106' title='bbox 879 1272 1123 1313; x_wconf 82' lang='lat' dir='ltr'>Theodmari</span> <span class='ocrx_word' id='word_1_107' title='bbox 1155 1272 1303 1325; x_wconf 80' lang='lat' dir='ltr'>pat1·is;</span> 
     </span>
     <span class='ocr_line' id='line_1_18' title="bbox 459 1342 1706 1396; baseline 0.001 -13"><span class='ocrx_word' id='word_1_108' title='bbox 459 1342 679 1396; x_wconf 85' lang='lat' dir='ltr'>Postquam</span> <span class='ocrx_word' id='word_1_109' title='bbox 712 1344 785 1385; x_wconf 87' lang='lat' dir='ltr'>hec</span> <span class='ocrx_word' id='word_1_110' title='bbox 817 1344 926 1385; x_wconf 86' lang='lat' dir='ltr'>facta</span> <span class='ocrx_word' id='word_1_111' title='bbox 959 1344 1066 1393; x_wconf 85' lang='lat' dir='ltr'>sunt,</span> <span class='ocrx_word' id='word_1_112' title='bbox 1100 1344 1239 1384; x_wconf 87' lang='lat' dir='ltr'>sancta</span> <span class='ocrx_word' id='word_1_113' title='bbox 1272 1342 1440 1395; x_wconf 85' lang='lat' dir='ltr'>quedam</span> <span class='ocrx_word' id='word_1_114' title='bbox 1473 1343 1579 1385; x_wconf 88' lang='lat' dir='ltr'>lecta</span> <span class='ocrx_word' id='word_1_115' title='bbox 1610 1343 1706 1386; x_wconf 87' lang='lat' dir='ltr'>sunt</span> 
     </span>
     <span class='ocr_line' id='line_1_19' title="bbox 533 1413 1381 1467; baseline 0 -13"><span class='ocrx_word' id='word_1_116' title='bbox 533 1413 585 1454; x_wconf 88' lang='lat' dir='ltr'>ad</span> <span class='ocrx_word' id='word_1_117' title='bbox 618 1413 887 1455; x_wconf 87' lang='lat' dir='ltr'>edificandum</span> <span class='ocrx_word' id='word_1_118' title='bbox 920 1414 1121 1467; x_wconf 79' lang='lat' dir='ltr'>hospitem</span> <span class='ocrx_word' id='word_1_119' title='bbox 1152 1413 1381 1465; x_wconf 81' lang='lat' dir='ltr'>amandum,</span> 
     </span>
     <span class='ocr_line' id='line_1_20' title="bbox 462 1484 1287 1534; baseline -0.001 -9"><span class='ocrx_word' id='word_1_120' title='bbox 462 1484 606 1525; x_wconf 82' lang='lat' dir='ltr'>Postea</span> <span class='ocrx_word' id='word_1_121' title='bbox 638 1484 817 1525; x_wconf 84' lang='lat' dir='ltr'>osculum</span> <span class='ocrx_word' id='word_1_122' title='bbox 849 1485 1064 1527; x_wconf 81' lang='lat' dir='ltr'>accedebat</span> <span class='ocrx_word' id='word_1_123' title='bbox 1095 1485 1287 1534; x_wconf 84' lang='lat' dir='ltr'>omnium,</span> 
     </span>
    </p>
   </div>
   <div class='ocr_carea' id='block_1_7' title="bbox 300 1555 1366 1728">
    <p class='ocr_par' dir='ltr' id='par_1_7' title="bbox 300 1555 1366 1728">
     <span class='ocr_line' id='line_1_21' title="bbox 300 1555 1366 1608; baseline 0 -11"><span class='ocrx_word' id='word_1_124' title='bbox 300 1556 399 1597; x_wconf 79' lang='lat'>960.</span> <span class='ocrx_word' id='word_1_125' title='bbox 537 1555 727 1608; x_wconf 83' lang='lat' dir='ltr'>quicquid</span> <span class='ocrx_word' id='word_1_126' title='bbox 761 1556 800 1597; x_wconf 89' lang='lat' dir='ltr'>et</span> <span class='ocrx_word' id='word_1_127' title='bbox 832 1568 991 1597; x_wconf 87' lang='lat' dir='ltr'>necesse</span> <span class='ocrx_word' id='word_1_128' title='bbox 1024 1555 1236 1597; x_wconf 83' lang='lat' dir='ltr'>videbatur</span> <span class='ocrx_word' id='word_1_129' title='bbox 1268 1568 1366 1597; x_wconf 87' lang='lat' dir='ltr'>esse.</span> 
     </span>
     <span class='ocr_line' id='line_1_22' title="bbox 462 1624 1238 1666; baseline 0.001 -8"><span class='ocrx_word' id='word_1_130' title='bbox 462 1624 585 1659; x_wconf 83' lang='lat' dir='ltr'>Omnis</span> <span class='ocrx_word' id='word_1_131' title='bbox 611 1625 826 1666; x_wconf 86' lang='lat' dir='ltr'>humanitas,</span> <span class='ocrx_word' id='word_1_132' title='bbox 856 1627 898 1659; x_wconf 92' lang='lat' dir='ltr'>ut</span> <span class='ocrx_word' id='word_1_133' title='bbox 924 1625 1077 1659; x_wconf 85' lang='lat' dir='ltr'>dictavit</span> <span class='ocrx_word' id='word_1_134' title='bbox 1102 1625 1238 1659; x_wconf 84' lang='lat' dir='ltr'>karitas</span> 
     </span>
     <span class='ocr_line' id='line_1_23' title="bbox 532 1683 1284 1728; baseline 0.001 -11"><span class='ocrx_word' id='word_1_135' title='bbox 532 1684 554 1717; x_wconf 89' lang='lat' dir='ltr'>h</span> <span class='ocrx_word' id='word_1_136' title='bbox 566 1694 585 1717; x_wconf 94' lang='lat' dir='ltr'>o</span> <span class='ocrx_word' id='word_1_137' title='bbox 597 1695 612 1717; x_wconf 89' lang='lat' dir='ltr'>s</span> <span class='ocrx_word' id='word_1_138' title='bbox 624 1683 665 1727; x_wconf 90' lang='lat' dir='ltr'>pi</span> <span class='ocrx_word' id='word_1_139' title='bbox 677 1685 693 1717; x_wconf 89' lang='lat' dir='ltr'>t</span> <span class='ocrx_word' id='word_1_140' title='bbox 704 1695 723 1718; x_wconf 88' lang='lat' dir='ltr'>a</span> <span class='ocrx_word' id='word_1_141' title='bbox 736 1684 798 1718; x_wconf 81' lang='lat' dir='ltr'>lit</span> <span class='ocrx_word' id='word_1_142' title='bbox 810 1695 829 1718; x_wconf 84' lang='lat' dir='ltr'>a</span> <span class='ocrx_word' id='word_1_143' title='bbox 840 1685 899 1718; x_wconf 90' lang='lat' dir='ltr'>tis</span> <span class='ocrx_word' id='word_1_144' title='bbox 911 1711 919 1725; x_wconf 94' lang='lat'><strong><em>‚</em></strong></span> <span class='ocrx_word' id='word_1_145' title='bbox 946 1683 1134 1718; x_wconf 87' lang='lat' dir='ltr'>accedebat</span> <span class='ocrx_word' id='word_1_146' title='bbox 1159 1684 1284 1728; x_wconf 83' lang='lat' dir='ltr'>gratis.</span> 
     </span>
    </p>
   </div>
   <div class='ocr_carea' id='block_1_8' title="bbox 462 1743 1407 1798">
    <p class='ocr_par' dir='ltr' id='par_1_8' title="bbox 462 1743 1407 1798">
     <span class='ocr_line' id='line_1_24' title="bbox 462 1743 1407 1798; baseline 0.001 -14"><span class='ocrx_word' id='word_1_147' title='bbox 462 1743 548 1785; x_wconf 86' lang='lat' dir='ltr'>Nec</span> <span class='ocrx_word' id='word_1_148' title='bbox 581 1743 649 1785; x_wconf 86' lang='lat' dir='ltr'>diu</span> <span class='ocrx_word' id='word_1_149' title='bbox 684 1744 845 1785; x_wconf 85' lang='lat' dir='ltr'>distulit</span> <span class='ocrx_word' id='word_1_150' title='bbox 876 1744 1115 1798; x_wconf 83' lang='lat' dir='ltr'>Liudgerus,</span> <span class='ocrx_word' id='word_1_151' title='bbox 1149 1743 1222 1785; x_wconf 86' lang='lat' dir='ltr'>sed</span> <span class='ocrx_word' id='word_1_152' title='bbox 1253 1744 1407 1795; x_wconf 85' lang='lat' dir='ltr'>retulit,</span> 
     </span>
    </p>
   </div>
   <div class='ocr_carea' id='block_1_9' title="bbox 299 1814 1520 2105">
    <p class='ocr_par' dir='ltr' id='par_1_9' title="bbox 299 1814 1520 2105">
     <span class='ocr_line' id='line_1_25' title="bbox 533 1814 1520 1868; baseline 0.002 -14"><span class='ocrx_word' id='word_1_153' title='bbox 533 1814 628 1855; x_wconf 86' lang='lat' dir='ltr'>dum</span> <span class='ocrx_word' id='word_1_154' title='bbox 662 1815 742 1856; x_wconf 87' lang='lat' dir='ltr'>iam</span> <span class='ocrx_word' id='word_1_155' title='bbox 775 1816 934 1868; x_wconf 78' lang='lat' dir='ltr'>tempus</span> <span class='ocrx_word' id='word_1_156' title='bbox 967 1815 1082 1865; x_wconf 86' lang='lat' dir='ltr'>esset,</span> <span class='ocrx_word' id='word_1_157' title='bbox 1117 1827 1240 1867; x_wconf 85' lang='lat' dir='ltr'>quare</span> <span class='ocrx_word' id='word_1_158' title='bbox 1272 1815 1520 1857; x_wconf 83' lang='lat' dir='ltr'>advenisset:</span> 
     </span>
     <span class='ocr_line' id='line_1_26' title="bbox 299 1873 1168 1925; baseline 0.003 -10"><span class='ocrx_word' id='word_1_159' title='bbox 299 1873 396 1916; x_wconf 79' lang='grc'>965.</span> <span class='ocrx_word' id='word_1_160' title='bbox 458 1884 560 1918; x_wconf 86' lang='lat' dir='ltr'>Velle</span> <span class='ocrx_word' id='word_1_161' title='bbox 587 1883 755 1918; x_wconf 87' lang='lat' dir='ltr'>videlicet</span> <span class='ocrx_word' id='word_1_162' title='bbox 781 1885 996 1925; x_wconf 71' lang='lat' dir='ltr'>commorari,</span> <span class='ocrx_word' id='word_1_163' title='bbox 1027 1884 1057 1918; x_wconf 91' lang='lat' dir='ltr'>si</span> <span class='ocrx_word' id='word_1_164' title='bbox 1082 1884 1168 1918; x_wconf 84' lang='lat' dir='ltr'>licet</span> 
     </span>
     <span class='ocr_line' id='line_1_27' title="bbox 532 1943 1206 1988; baseline 0 -11"><span class='ocrx_word' id='word_1_165' title='bbox 532 1945 569 1977; x_wconf 87' lang='lat' dir='ltr'>et</span> <span class='ocrx_word' id='word_1_166' title='bbox 595 1944 624 1977; x_wconf 86' lang='lat' dir='ltr'>si</span> <span class='ocrx_word' id='word_1_167' title='bbox 651 1944 700 1977; x_wconf 90' lang='lat' dir='ltr'>eis</span> <span class='ocrx_word' id='word_1_168' title='bbox 726 1944 854 1988; x_wconf 85' lang='lat' dir='ltr'>placet,</span> <span class='ocrx_word' id='word_1_169' title='bbox 881 1943 932 1978; x_wconf 88' lang='lat' dir='ltr'>ibi</span> <span class='ocrx_word' id='word_1_170' title='bbox 957 1944 1051 1978; x_wconf 85' lang='lat' dir='ltr'>inter</span> <span class='ocrx_word' id='word_1_171' title='bbox 1078 1943 1206 1978; x_wconf 87' lang='lat' dir='ltr'>fratres</span> 
     </span>
     <span class='ocr_line' id='line_1_28' title="bbox 463 2001 1214 2037; baseline 0.001 -1"><span class='ocrx_word' id='word_1_172' title='bbox 463 2001 576 2037; x_wconf 81' lang='lat' dir='ltr'>Causa</span> <span class='ocrx_word' id='word_1_173' title='bbox 602 2002 772 2036; x_wconf 84' lang='lat' dir='ltr'>scienciae</span> <span class='ocrx_word' id='word_1_174' title='bbox 798 2005 941 2036; x_wconf 84' lang='lat' dir='ltr'>sanctae</span> <span class='ocrx_word' id='word_1_175' title='bbox 967 2002 1214 2037; x_wconf 86' lang='lat' dir='ltr'>observanciae</span> 
     </span>
     <span class='ocr_line' id='line_1_29' title="bbox 530 2061 1226 2105; baseline 0.001 -11"><span class='ocrx_word' id='word_1_176' title='bbox 530 2061 778 2095; x_wconf 79' lang='lat' dir='ltr'>monachorum</span> <span class='ocrx_word' id='word_1_177' title='bbox 806 2062 902 2095; x_wconf 87' lang='lat' dir='ltr'>vitae</span> <span class='ocrx_word' id='word_1_178' title='bbox 928 2061 979 2095; x_wconf 86' lang='lat' dir='ltr'>ibi</span> <span class='ocrx_word' id='word_1_179' title='bbox 1005 2061 1061 2095; x_wconf 89' lang='lat' dir='ltr'>vel</span> <span class='ocrx_word' id='word_1_180' title='bbox 1086 2061 1226 2105; x_wconf 85' lang='lat' dir='ltr'>ubique,</span> 
     </span>
    </p>
   </div>
   <div class='ocr_carea' id='block_1_10' title="bbox 300 2120 1413 2236">
    <p class='ocr_par' dir='ltr' id='par_1_10' title="bbox 300 2120 1413 2236">
     <span class='ocr_line' id='line_1_30' title="bbox 464 2120 1376 2175; baseline 0.002 -13"><span class='ocrx_word' id='word_1_181' title='bbox 464 2120 521 2162; x_wconf 90' lang='lat' dir='ltr'>Ut</span> <span class='ocrx_word' id='word_1_182' title='bbox 553 2121 843 2163; x_wconf 84' lang='lat' dir='ltr'>monasterium</span> <span class='ocrx_word' id='word_1_183' title='bbox 876 2122 1060 2163; x_wconf 77' lang='lat' dir='ltr'>sanc-tum</span> <span class='ocrx_word' id='word_1_184' title='bbox 1093 2122 1376 2175; x_wconf 81' lang='lat' dir='ltr'>magisterium</span> 
     </span>
     <span class='ocr_line' id='line_1_31' title="bbox 300 2191 1413 2236; baseline 0.003 -4"><span class='ocrx_word' id='word_1_185' title='bbox 300 2191 399 2233; x_wconf 70' lang='lat'>970.</span> <span class='ocrx_word' id='word_1_186' title='bbox 536 2192 777 2233; x_wconf 80' lang='lat' dir='ltr'>Werthinae</span> <span class='ocrx_word' id='word_1_187' title='bbox 809 2193 991 2233; x_wconf 73' lang='lat' dir='ltr'>futurum</span> <span class='ocrx_word' id='word_1_188' title='bbox 1025 2193 1130 2233; x_wconf 88' lang='lat' dir='ltr'>esset</span> <span class='ocrx_word' id='word_1_189' title='bbox 1160 2193 1413 2236; x_wconf 83' lang='lat' dir='ltr'>habiturum.</span> 
     </span>
    </p>
   </div>
   <div class='ocr_carea' id='block_1_11' title="bbox 246 2308 1802 2415">
    <p class='ocr_par' dir='ltr' id='par_1_11' title="bbox 246 2308 1802 2415">
     <span class='ocr_line' id='line_1_32' title="bbox 392 2308 1802 2356; baseline 0.002 -14"><span class='ocrx_word' id='word_1_190' title='bbox 392 2308 470 2342; x_wconf 78' lang='lat'>941.</span> <span class='ocrx_word' id='word_1_191' title='bbox 497 2318 588 2342; x_wconf 81' lang='lat' dir='ltr'>corr.</span> <span class='ocrx_word' id='word_1_192' title='bbox 616 2319 683 2342; x_wconf 78' lang='lat' dir='ltr'>aus</span> <span class='ocrx_word' id='word_1_193' title='bbox 707 2308 830 2342; x_wconf 86' lang='lat' dir='ltr'>mundi</span> <span class='ocrx_word' id='word_1_194' title='bbox 859 2309 898 2343; x_wconf 87' lang='lat' dir='ltr'>T.</span> <span class='ocrx_word' id='word_1_195' title='bbox 939 2329 980 2333; x_wconf 91' lang='lat'>—</span> <span class='ocrx_word' id='word_1_196' title='bbox 1021 2309 1217 2345; x_wconf 71' lang='lat'>947—950.</span> <span class='ocrx_word' id='word_1_197' title='bbox 1248 2311 1345 2356; x_wconf 60' lang='grc' dir='ltr'><em>θεῶν.</em></span> <span class='ocrx_word' id='word_1_198' title='bbox 1372 2312 1465 2345; x_wconf 74' lang='grc' dir='ltr'><strong><em>ΒΘΗ.</em></strong></span> <span class='ocrx_word' id='word_1_199' title='bbox 1498 2331 1540 2335; x_wconf 94' lang='grc'>-</span> <span class='ocrx_word' id='word_1_200' title='bbox 1566 2311 1645 2346; x_wconf 79' lang='grc'>947.</span> <span class='ocrx_word' id='word_1_201' title='bbox 1672 2310 1802 2346; x_wconf 83' lang='lat' dir='ltr'>Casino</span> 
     </span>
     <span class='ocr_line' id='line_1_33' title="bbox 246 2366 1763 2415; baseline 0.003 -15"><span class='ocrx_word' id='word_1_202' title='bbox 246 2366 342 2402; x_wconf 77' lang='lat' dir='ltr'>Bon.</span> <span class='ocrx_word' id='word_1_203' title='bbox 368 2386 412 2391; x_wconf 83' lang='lat'><strong>—</strong></span> <span class='ocrx_word' id='word_1_204' title='bbox 438 2367 517 2402; x_wconf 84' lang='lat'>951.</span> <span class='ocrx_word' id='word_1_205' title='bbox 543 2367 736 2402; x_wconf 85' lang='lat' dir='ltr'>Dethmero</span> <span class='ocrx_word' id='word_1_206' title='bbox 764 2367 861 2402; x_wconf 69' lang='lat' dir='ltr'>Cmc.</span> <span class='ocrx_word' id='word_1_207' title='bbox 890 2387 931 2391; x_wconf 88' lang='lat'>—</span> <span class='ocrx_word' id='word_1_208' title='bbox 960 2369 1036 2403; x_wconf 72' lang='lat'>956.</span> <span class='ocrx_word' id='word_1_209' title='bbox 1065 2369 1178 2413; x_wconf 85' lang='lat' dir='ltr'>patris</span> <span class='ocrx_word' id='word_1_210' title='bbox 1203 2381 1293 2405; x_wconf 74' lang='lat' dir='ltr'>corr.</span> <span class='ocrx_word' id='word_1_211' title='bbox 1320 2370 1377 2412; x_wconf 86' lang='lat' dir='ltr'>(ob</span> <span class='ocrx_word' id='word_1_212' title='bbox 1403 2374 1488 2405; x_wconf 75' lang='lat' dir='ltr'>statt</span> <span class='ocrx_word' id='word_1_213' title='bbox 1513 2369 1696 2415; x_wconf 81' lang='lat' dir='ltr'>abbatis?)</span> <span class='ocrx_word' id='word_1_214' title='bbox 1724 2369 1763 2405; x_wconf 84' lang='lat' dir='ltr'>T.</span> 
     </span>
    </p>
   </div>
   <div class='ocr_carea' id='block_1_12' title="bbox 246 2485 1802 2943">
    <p class='ocr_par' dir='ltr' id='par_1_12' title="bbox 246 2485 1799 2592">
     <span class='ocr_line' id='line_1_34' title="bbox 391 2485 1799 2536; baseline 0.002 -17"><span class='ocrx_word' id='word_1_215' title='bbox 391 2485 426 2530; x_wconf 91' lang='lat'>1)</span> <span class='ocrx_word' id='word_1_216' title='bbox 451 2485 492 2520; x_wconf 86' lang='lat' dir='ltr'>V.</span> <span class='ocrx_word' id='word_1_217' title='bbox 520 2486 646 2520; x_wconf 74' lang='lat'>5-16.</span> <span class='ocrx_word' id='word_1_218' title='bbox 676 2506 718 2510; x_wconf 91' lang='lat'>—</span> <span class='ocrx_word' id='word_1_219' title='bbox 745 2487 779 2530; x_wconf 71' lang='lat'>2)</span> <span class='ocrx_word' id='word_1_220' title='bbox 807 2485 893 2519; x_wconf 83' lang='lat' dir='ltr'>Vita</span> <span class='ocrx_word' id='word_1_221' title='bbox 919 2486 966 2520; x_wconf 88' lang='grc' dir='ltr'>ΙΙ.</span> <span class='ocrx_word' id='word_1_222' title='bbox 995 2496 1022 2519; x_wconf 89' lang='lat' dir='ltr'>c.</span> <span class='ocrx_word' id='word_1_223' title='bbox 1051 2486 1113 2525; x_wconf 86' lang='lat'>14;</span> <span class='ocrx_word' id='word_1_224' title='bbox 1144 2497 1175 2519; x_wconf 88' lang='lat' dir='ltr'>v.</span> <span class='ocrx_word' id='word_1_225' title='bbox 1202 2486 1272 2520; x_wconf 90' lang='grc' dir='ltr'><strong>ΙΙΙ.</strong></span> <span class='ocrx_word' id='word_1_226' title='bbox 1299 2497 1325 2520; x_wconf 88' lang='lat' dir='ltr'>c.</span> <span class='ocrx_word' id='word_1_227' title='bbox 1354 2487 1410 2521; x_wconf 87' lang='lat'>18.</span> <span class='ocrx_word' id='word_1_228' title='bbox 1437 2507 1480 2512; x_wconf 84' lang='lat'>—-</span> <span class='ocrx_word' id='word_1_229' title='bbox 1506 2488 1541 2533; x_wconf 89' lang='lat'>3)</span> <span class='ocrx_word' id='word_1_230' title='bbox 1567 2487 1799 2536; x_wconf 81' lang='lat' dir='ltr'>Dialogorum</span> 
     </span>
     <span class='ocr_line' id='line_1_35' title="bbox 246 2542 1751 2592; baseline 0.003 -15"><span class='ocrx_word' id='word_1_231' title='bbox 246 2542 310 2577; x_wconf 86' lang='lat' dir='ltr'>lib.</span> <span class='ocrx_word' id='word_1_232' title='bbox 336 2543 387 2579; x_wconf 88' lang='grc' dir='ltr'>ΙΙ.</span> <span class='ocrx_word' id='word_1_233' title='bbox 414 2544 454 2587; x_wconf 88' lang='lat' dir='ltr'>(s.</span> <span class='ocrx_word' id='word_1_234' title='bbox 483 2544 515 2580; x_wconf 80' lang='lat' dir='ltr'>S.</span> <span class='ocrx_word' id='word_1_235' title='bbox 543 2545 564 2578; x_wconf 82' lang='lat'><strong>3</strong></span> <span class='ocrx_word' id='word_1_236' title='bbox 590 2544 631 2578; x_wconf 80' lang='lat' dir='ltr'>A.</span> <span class='ocrx_word' id='word_1_237' title='bbox 657 2545 698 2585; x_wconf 80' lang='lat'>3;</span> <span class='ocrx_word' id='word_1_238' title='bbox 726 2545 896 2579; x_wconf 81' lang='lat' dir='ltr'>Bolland:</span> <span class='ocrx_word' id='word_1_239' title='bbox 930 2547 1020 2578; x_wconf 81' lang='lat' dir='ltr'>Acta</span> <span class='ocrx_word' id='word_1_240' title='bbox 1047 2545 1166 2579; x_wconf 83' lang='lat' dir='ltr'>Sanct.</span> <span class='ocrx_word' id='word_1_241' title='bbox 1194 2556 1269 2579; x_wconf 86' lang='lat' dir='ltr'>zum</span> <span class='ocrx_word' id='word_1_242' title='bbox 1297 2547 1351 2580; x_wconf 67' lang='lat'>21.</span> <span class='ocrx_word' id='word_1_243' title='bbox 1378 2546 1474 2580; x_wconf 71' lang='lat' dir='ltr'>Marz</span> <span class='ocrx_word' id='word_1_244' title='bbox 1500 2546 1569 2580; x_wconf 88' lang='grc' dir='ltr'>ΠΙ.</span> <span class='ocrx_word' id='word_1_245' title='bbox 1596 2547 1664 2581; x_wconf 78' lang='lat'>277</span> <span class='ocrx_word' id='word_1_246' title='bbox 1690 2546 1751 2592; x_wconf 72' lang='lat' dir='ltr'>ff).</span> 
     </span>
    </p>

    <p class='ocr_par' dir='ltr' id='par_1_13' title="bbox 246 2602 1802 2943">
     <span class='ocr_line' id='line_1_36' title="bbox 388 2602 1801 2647; baseline 0.003 -11"><span class='ocrx_word' id='word_1_247' title='bbox 388 2602 424 2647; x_wconf 81' lang='lat'>4)</span> <span class='ocrx_word' id='word_1_248' title='bbox 452 2602 670 2637; x_wconf 77' lang='lat' dir='ltr'>Theodcniar</span> <span class='ocrx_word' id='word_1_249' title='bbox 695 2614 765 2637; x_wconf 82' lang='lat' dir='ltr'>war</span> <span class='ocrx_word' id='word_1_250' title='bbox 799 2603 873 2637; x_wconf 81' lang='lat' dir='ltr'>Abt</span> <span class='ocrx_word' id='word_1_251' title='bbox 899 2614 966 2637; x_wconf 80' lang='lat' dir='ltr'>von</span> <span class='ocrx_word' id='word_1_252' title='bbox 1005 2604 1126 2637; x_wconf 84' lang='lat' dir='ltr'>Monte</span> <span class='ocrx_word' id='word_1_253' title='bbox 1164 2603 1292 2638; x_wconf 84' lang='lat' dir='ltr'>Casino</span> <span class='ocrx_word' id='word_1_254' title='bbox 1321 2615 1386 2638; x_wconf 86' lang='lat' dir='ltr'>von</span> <span class='ocrx_word' id='word_1_255' title='bbox 1413 2605 1619 2647; x_wconf 73' lang='lat'>778—7973</span> <span class='ocrx_word' id='word_1_256' title='bbox 1658 2604 1737 2639; x_wconf 86' lang='lat' dir='ltr'>dass</span> <span class='ocrx_word' id='word_1_257' title='bbox 1763 2615 1801 2640; x_wconf 87' lang='lat' dir='ltr'>er</span> 
     </span>
     <span class='ocr_line' id='line_1_37' title="bbox 248 2660 1801 2706; baseline 0.004 -13"><span class='ocrx_word' id='word_1_258' title='bbox 248 2660 326 2694; x_wconf 77' lang='lat' dir='ltr'>dem</span> <span class='ocrx_word' id='word_1_259' title='bbox 353 2660 402 2695; x_wconf 88' lang='lat' dir='ltr'>hl.</span> <span class='ocrx_word' id='word_1_260' title='bbox 429 2660 586 2704; x_wconf 74' lang='lat' dir='ltr'>Liudger</span> <span class='ocrx_word' id='word_1_261' title='bbox 612 2672 740 2704; x_wconf 76' lang='lat' dir='ltr'>genere</span> <span class='ocrx_word' id='word_1_262' title='bbox 766 2662 983 2706; x_wconf 83' lang='lat' dir='ltr'>propinquus</span> <span class='ocrx_word' id='word_1_263' title='bbox 1001 2673 1082 2702; x_wconf 83' lang='lat' dir='ltr'>war,</span> <span class='ocrx_word' id='word_1_264' title='bbox 1110 2661 1285 2696; x_wconf 80' lang='lat' dir='ltr'>berichtct</span> <span class='ocrx_word' id='word_1_265' title='bbox 1306 2662 1437 2698; x_wconf 81' lang='lat' dir='ltr'>bereits</span> <span class='ocrx_word' id='word_1_266' title='bbox 1464 2663 1520 2698; x_wconf 89' lang='lat' dir='ltr'>die</span> <span class='ocrx_word' id='word_1_267' title='bbox 1538 2664 1615 2698; x_wconf 83' lang='lat' dir='ltr'>vita</span> <span class='ocrx_word' id='word_1_268' title='bbox 1640 2664 1688 2698; x_wconf 94' lang='lat' dir='ltr'>II.</span> <span class='ocrx_word' id='word_1_269' title='bbox 1707 2674 1734 2698; x_wconf 87' lang='lat' dir='ltr'>c.</span> <span class='ocrx_word' id='word_1_270' title='bbox 1755 2664 1801 2698; x_wconf 85' lang='lat'>14</span> 
     </span>
     <span class='ocr_line' id='line_1_38' title="bbox 247 2719 1802 2766; baseline 0.002 -13"><span class='ocrx_word' id='word_1_271' title='bbox 247 2719 339 2762; x_wconf 88' lang='lat' dir='ltr'>(vita</span> <span class='ocrx_word' id='word_1_272' title='bbox 365 2719 430 2754; x_wconf 89' lang='lat' dir='ltr'>III.</span> <span class='ocrx_word' id='word_1_273' title='bbox 460 2730 487 2754; x_wconf 87' lang='lat' dir='ltr'>c.</span> <span class='ocrx_word' id='word_1_274' title='bbox 516 2721 569 2761; x_wconf 82' lang='lat'>17,</span> <span class='ocrx_word' id='word_1_275' title='bbox 604 2721 669 2754; x_wconf 84' lang='lat' dir='ltr'>wie</span> <span class='ocrx_word' id='word_1_276' title='bbox 696 2721 785 2754; x_wconf 83' lang='lat' dir='ltr'>auch</span> <span class='ocrx_word' id='word_1_277' title='bbox 823 2720 885 2754; x_wconf 86' lang='lat' dir='ltr'>das</span> <span class='ocrx_word' id='word_1_278' title='bbox 919 2721 1105 2764; x_wconf 69' lang='lat' dir='ltr'>Privileg).</span> <span class='ocrx_word' id='word_1_279' title='bbox 1154 2721 1325 2764; x_wconf 77' lang='lat' dir='ltr'>Dagcgen</span> <span class='ocrx_word' id='word_1_280' title='bbox 1363 2721 1481 2756; x_wconf 63' lang='lat' dir='ltr'>din-{te</span> <span class='ocrx_word' id='word_1_281' title='bbox 1519 2733 1554 2757; x_wconf 88' lang='lat' dir='ltr'>es</span> <span class='ocrx_word' id='word_1_282' title='bbox 1592 2732 1714 2766; x_wconf 72' lang='lat' dir='ltr'>weg-en</span> <span class='ocrx_word' id='word_1_283' title='bbox 1740 2721 1802 2756; x_wconf 88' lang='lat' dir='ltr'>der</span> 
     </span>
     <span class='ocr_line' id='line_1_39' title="bbox 246 2777 1801 2826; baseline 0.002 -15"><span class='ocrx_word' id='word_1_284' title='bbox 246 2777 606 2812; x_wconf 73' lang='lat' dir='ltr'>Altersverhiiltnisse</span> <span class='ocrx_word' id='word_1_285' title='bbox 632 2779 973 2813; x_wconf 76' lang='lat' dir='ltr'>nnwahrscheinlicll</span> <span class='ocrx_word' id='word_1_286' title='bbox 1001 2780 1086 2818; x_wconf 79' lang='lat' dir='ltr'>scin,</span> <span class='ocrx_word' id='word_1_287' title='bbox 1127 2779 1206 2813; x_wconf 81' lang='lat' dir='ltr'>dass</span> <span class='ocrx_word' id='word_1_288' title='bbox 1233 2780 1450 2815; x_wconf 77' lang='lat' dir='ltr'>Theodemar</span> <span class='ocrx_word' id='word_1_289' title='bbox 1475 2781 1533 2815; x_wconf 85' lang='lat' dir='ltr'>ein</span> <span class='ocrx_word' id='word_1_290' title='bbox 1559 2791 1666 2826; x_wconf 87' lang='lat' dir='ltr'>nepos</span> <span class='ocrx_word' id='word_1_291' title='bbox 1691 2779 1801 2815; x_wconf 89' lang='lat' dir='ltr'>Liud-</span> 
     </span>
     <span class='ocr_line' id='line_1_40' title="bbox 246 2837 1800 2883; baseline 0.003 -14"><span class='ocrx_word' id='word_1_292' title='bbox 246 2846 327 2878; x_wconf 72' lang='lat' dir='ltr'>gers</span> <span class='ocrx_word' id='word_1_293' title='bbox 353 2847 524 2879; x_wconf 79' lang='lat' dir='ltr'>gewcsen.</span> <span class='ocrx_word' id='word_1_294' title='bbox 574 2837 648 2871; x_wconf 79' lang='lat' dir='ltr'>Auf</span> <span class='ocrx_word' id='word_1_295' title='bbox 671 2839 790 2871; x_wconf 84' lang='lat' dir='ltr'>seinen</span> <span class='ocrx_word' id='word_1_296' title='bbox 818 2837 941 2871; x_wconf 78' lang='lat' dir='ltr'>Bcfchl</span> <span class='ocrx_word' id='word_1_297' title='bbox 971 2838 1107 2872; x_wconf 80' lang='lat' dir='ltr'>schrieb</span> <span class='ocrx_word' id='word_1_298' title='bbox 1126 2838 1258 2872; x_wconf 83' lang='lat' dir='ltr'>Paulus</span> <span class='ocrx_word' id='word_1_299' title='bbox 1277 2839 1452 2874; x_wconf 84' lang='lat' dir='ltr'>Diaconus</span> <span class='ocrx_word' id='word_1_300' title='bbox 1478 2841 1581 2874; x_wconf 84' lang='lat' dir='ltr'>einen</span> <span class='ocrx_word' id='word_1_301' title='bbox 1608 2840 1800 2883; x_wconf 83' lang='lat' dir='ltr'>eingehen-</span> 
     </span>
     <span class='ocr_line' id='line_1_41' title="bbox 246 2894 1799 2943; baseline 0.003 -14"><span class='ocrx_word' id='word_1_302' title='bbox 246 2894 314 2928; x_wconf 70' lang='lat' dir='ltr'>dcli</span> <span class='ocrx_word' id='word_1_303' title='bbox 341 2896 440 2930; x_wconf 87' lang='lat' dir='ltr'>Brief</span> <span class='ocrx_word' id='word_1_304' title='bbox 464 2896 550 2931; x_wconf 79' lang='lat' dir='ltr'>iiber</span> <span class='ocrx_word' id='word_1_305' title='bbox 576 2896 632 2931; x_wconf 86' lang='lat' dir='ltr'>die</span> <span class='ocrx_word' id='word_1_306' title='bbox 650 2897 761 2940; x_wconf 78' lang='lat' dir='ltr'>Rege]</span> <span class='ocrx_word' id='word_1_307' title='bbox 781 2896 839 2931; x_wconf 83' lang='lat' dir='ltr'>dcs</span> <span class='ocrx_word' id='word_1_308' title='bbox 866 2897 912 2931; x_wconf 85' lang='lat' dir='ltr'>hl.</span> <span class='ocrx_word' id='word_1_309' title='bbox 933 2897 1103 2932; x_wconf 73' lang='lat' dir='ltr'>Bcnedict</span> <span class='ocrx_word' id='word_1_310' title='bbox 1131 2909 1174 2932; x_wconf 86' lang='lat' dir='ltr'>an</span> <span class='ocrx_word' id='word_1_311' title='bbox 1192 2898 1280 2932; x_wconf 81' lang='lat' dir='ltr'>Kar]</span> <span class='ocrx_word' id='word_1_312' title='bbox 1307 2899 1428 2943; x_wconf 52' lang='lat' dir='ltr'>(Jaffcw</span> <span class='ocrx_word' id='word_1_313' title='bbox 1455 2898 1548 2934; x_wconf 87' lang='lat' dir='ltr'>Bibl.</span> <span class='ocrx_word' id='word_1_314' title='bbox 1571 2899 1631 2934; x_wconf 91' lang='lat' dir='ltr'>IV.</span> <span class='ocrx_word' id='word_1_315' title='bbox 1650 2899 1718 2933; x_wconf 80' lang='lat'>358</span> <span class='ocrx_word' id='word_1_316' title='bbox 1735 2898 1799 2941; x_wconf 72' lang='lat' dir='ltr'>ff).</span> 
     </span>
    </p>
   </div>
  </div>
 </body>
</html>
