1864 3213
249 143 331 185 168
646 140 742 181 Vita
773 139 923 194 rythm.
966 150 998 179 s.
1032 136 1227 191 Liudgeri
1256 136 1326 177 let.
1360 136 1393 177 Ι.

268 260 392 302 1055.
456 259 537 301 Ubi
570 259 603 300 si
636 258 784 299 vicium
818 256 943 305 venit,
976 255 1056 296 fert
1087 254 1257 295 tuioium

528 330 657 371 virtus
690 340 776 368 mox
809 338 1031 375 occurrens,
1071 325 1230 366 animae
1263 336 1511 375 succurrens,

456 400 540 442 Ubi
571 398 765 441 confessio
796 410 895 450 pura
929 398 968 438 et
1001 396 1131 438 oracio

526 470 727 512 alternata
759 469 914 509 mentes
948 468 1080 509 salvat
1112 466 1350 520 penitentes,

455 541 536 583 Ubi
568 541 610 581 in
641 540 778 581 abdito
809 538 1070 580 lacrimarum
1101 538 1207 579 actio

270 614 393 657 1060.
527 612 639 653 lavat
670 612 720 652 ab
752 611 921 652 occultis
953 609 1165 651 abluendis
1198 608 1353 658 multis,

457 684 544 736 Qua
576 684 616 725 et
647 683 699 724 ad
730 683 866 735 aliqua
898 682 1204 734 delinquentum
1236 680 1407 722 crimina

527 767 644 807 super
676 754 821 795 cuneta
852 765 965 794 arma
996 752 1080 793 sola
1110 751 1210 793 facit
1242 750 1372 804 virga,

457 826 589 868 Meror
622 826 662 866 et
692 823 888 878 gaudium
922 836 998 876 qua
1030 823 1148 864 unius
1179 821 1373 871 omnium,

526 908 604 949 qua
636 895 942 948 compacientes,
976 907 1053 947 qua
1084 895 1124 935 et
1155 891 1465 947 congaudentes,

272 968 395 1010 1065.
458 966 544 1019 Qua
577 966 748 1019 ipsemet
779 965 904 1007 abbas
936 965 1016 1006 fert
1047 965 1088 1005 et
1119 976 1276 1005 summa
1307 961 1461 1003 karitas

528 1050 663 1079 euram
696 1036 947 1077 infirmorum
980 1048 1189 1088 corporum
1221 1034 1285 1076 vel
1317 1045 1486 1083 morum,

459 1108 546 1161 Qua
579 1107 736 1149 edificia
768 1107 817 1148 ad
851 1108 924 1149 heo
955 1106 1148 1148 beneficia

528 1180 568 1220 et
600 1178 871 1220 monachiales
903 1177 1212 1231 pei-habundant
1242 1176 1361 1229 lares,

458 1250 545 1303 Qua
578 1262 671 1291 vera
703 1250 856 1291 karitas
889 1249 928 1290 et
960 1249 1194 1290 cunctarum
1227 1246 1404 1289 suavitas

270 1323 394 1365 1070.
528 1321 688 1362 habitat
720 1321 930 1370 virtutum,
963 1319 1094 1360 locum
1127 1318 1276 1359 habens
1308 1317 1457 1368 tutum,

459 1391 546 1444 Qua
577 1391 714 1432 nullus
746 1390 908 1432 feminis
940 1390 1050 1431 locus
1082 1387 1342 1437 accessibilis,

528 1475 628 1516 quae
660 1462 881 1504 turbabant
915 1461 1045 1514 ipsum
1079 1459 1278 1513 quondam
1311 1457 1623 1509 Benecliotum1,

459 1533 540 1576 Ubi
573 1534 676 1587 quod
708 1534 858 1574 malum
894 1533 967 1583 est,
1000 1531 1185 1573 omnibus
1216 1530 1428 1582 profanum
1461 1529 1534 1579 est,

529 1606 614 1647 sive
647 1605 700 1646 sit
731 1605 930 1646 incestum
964 1604 1047 1645 sive
1078 1603 1348 1651 inhonestum,

272 1677 396 1719 1075.
459 1676 540 1718 Ubi
571 1689 642 1729 per
675 1675 869 1729 gaudium
900 1674 1099 1715 transitur
1131 1673 1172 1713 in
1204 1672 1398 1726 gaudium

529 1760 598 1800 per
630 1746 970 1799 sollemlmitatem
1002 1745 1043 1785 in
1081 1743 1434 1796 sollempnitatem,

461 1818 548 1870 Qua
580 1818 689 1859 vitae
720 1817 874 1858 tedium
915 1816 1070 1857 invenit
1102 1814 1337 1863 remedium,

530 1889 669 1930 sancta
703 1888 796 1929 dum
831 1887 1022 1936 solantur,
1061 1898 1216 1939 semper
1249 1897 1323 1938 que
1355 1884 1594 1935 tractantur,

459 1958 709 2013 Imaginaeio
741 1959 860 2010 atque
893 1956 1117 2009 expectaeio

272 2031 395 2073 1080.
532 2030 602 2071 ubi
635 2031 861 2070 eternorum
894 2028 1015 2069 simul
1054 2028 1148 2067 sunt
1179 2028 1383 2068 bonorum.

458 2099 560 2134 Unde
586 2109 670 2133 non
697 2098 841 2134 facile
867 2097 985 2131 velli
1012 2099 1048 2131 et
1079 2095 1254 2130 discedere

529 2161 622 2193 certe
649 2159 721 2192 Deo
747 2158 872 2202 plenus
902 2157 1021 2201 potuit
1047 2155 1257 2198 Liudgerus.

460 2218 637 2262 Reditque
662 2217 811 2251 nuncius
838 2217 1019 2253 nuncians,
1046 2214 1137 2259 quod
1162 2214 1326 2254 famulus,

530 2277 598 2311 Dei
623 2288 690 2310 11011
719 2277 874 2310 venisset
900 2277 937 2309 et
963 2286 1022 2308 cur
1048 2285 1117 2308 non
1144 2274 1311 2313 venisset,

273 2326 398 2369 1085-
460 2336 543 2371 Ideo
569 2336 715 2375 scilicet,
742 2334 834 2380 quod
860 2335 908 2368 sit
934 2334 1079 2367 claustri
1106 2333 1243 2377 requies

530 2406 592 2440 pro
618 2406 655 2429 re
680 2394 891 2429 addiscenda
917 2392 1071 2427 nondum
1098 2390 1339 2436 relinquenda,

462 2456 576 2508 Quod
607 2455 718 2496 sibi2
749 2455 875 2496 eciam
908 2453 1055 2494 mirum
1087 2452 1152 2502 sit,
1185 2452 1236 2492 ad
1269 2450 1422 2492 curiam

531 2527 640 2581 regis
672 2526 775 2579 quod
808 2525 980 2574 vocetur,
1013 2523 1080 2576 qui
1111 2523 1186 2564 1100
1217 2534 1295 2563 11011
1326 2522 1514 2563 meretur.

394 2643 496 2678 1056.
525 2653 592 2677 oce.
618 2653 706 2677 corr.
737 2642 775 2675 T.
803 2661 846 2666 —
876 2642 975 2675 1060.
1001 2639 1044 2673 ab
1063 2650 1152 2674 corr.
1181 2639 1220 2672 T.
1248 2657 1290 2661 —-
1319 2638 1419 2672 1063.
1446 2637 1549 2671 unius
1573 2646 1664 2671 corr.
1687 2634 1725 2668 T.
1753 2654 1798 2660 —

252 2702 353 2738 1068.
380 2703 417 2736 et
441 2702 704 2746 nachyetrayeoz
732 2701 771 2734 T.

395 2820 430 2864 1)
456 2819 538 2863 Vgl.
565 2818 715 2862 Gregors
741 2817 801 2851 lib.
830 2816 961 2860 dialog.
988 2816 1035 2850 II.
1063 2826 1090 2849 c.
1118 2817 1136 2849 1
1163 2813 1348 2859 (Bollandz
1378 2813 1467 2848 Acta
1486 2812 1605 2847 Sanct.
1626 2812 1682 2847 21.
1701 2810 1798 2845 Marz

251 2878 317 2914 ΙΙΙ.
346 2878 440 2923 278).
469 2898 511 2903 ——
538 2878 573 2922 2)
599 2877 680 2912 Scil.
708 2875 898 2920 Liudgero.
