1801 3213
424 154 522 196 Vita
553 154 704 208 rythm.
736 166 767 195 s.
792 153 984 209 Liudgeri
1015 153 1084 195 let.
1117 153 1170 194 II.
1489 155 1573 196 193

24 273 123 316 675.
157 271 212 307 15.
237 271 391 315 Eodem
421 273 601 325 tempore
632 272 673 313 et
703 271 802 322 loco,
840 271 945 324 quod
976 271 1149 313 scribere

305 343 432 385 eciam
465 355 666 393 curamus,
702 343 854 384 factum
888 355 1147 384 noveramus:

234 414 389 456 Demon
419 413 628 467 aquaticus
660 413 877 464 hominem,
918 426 1036 466 quem
1067 413 1254 464 diximus,

306 485 439 538 sepius
471 484 647 525 illudens
678 485 719 526 et
748 496 889 526 nocere
921 484 1099 535 studens,

234 555 316 598 Ubi
348 556 545 605 araverat,
579 567 751 608 nequam
783 566 874 607 sepe
905 554 1057 605 aderat,

74 628 172 670 680.
305 638 346 668 se
377 627 419 668 iu
449 627 592 668 bovem
625 626 785 667 vertens
818 625 937 666 boves
969 627 1010 666 et
1041 627 1288 678 pervertens,

235 697 340 739 Nam
374 697 488 738 miris
520 696 692 738 saltibus
725 697 764 737 et
797 696 902 737 divis
933 696 1166 738 occursibus

304 769 390 810 tota
423 767 488 809 die
519 768 639 809 boves
671 766 721 808 de
752 766 902 808 directo
936 769 1082 808 movet.

235 839 289 880 Et
321 838 416 880 dum
447 838 627 888 inutiles,
667 837 797 879 sulcos
828 849 965 878 omnes
997 837 1161 887 faceret,

307 922 434 963 neque
465 909 694 962 profuisset,
729 907 920 961 quicquid
953 909 1161 959 aravisset,

74 982 172 1024 685.
234 981 410 1023 Domum
442 980 672 1034 regreditur
709 980 934 1033 iterumque
966 980 1221 1033 conqueritur

307 1063 398 1093 caro
430 1064 500 1092 suo
530 1051 626 1093 hero
657 1051 831 1092 rusticus
866 1051 1083 1105 Liudgero,

237 1123 291 1164 Et
323 1122 418 1163 dum
452 1121 500 1164 de
533 1122 698 1163 demone
730 1121 787 1163 nil
824 1124 988 1175 questus
1021 1122 1089 1172 sit,
1123 1123 1183 1163 set
1215 1122 1263 1163 de
1295 1122 1407 1172 bove,

227 1219 238 1231 .
307 1192 442 1246 presul
474 1193 611 1234 tamen
643 1194 789 1243 nosset,
823 1193 940 1245 quale
973 1206 1091 1246 pecus
1123 1194 1249 1234 esset:

239 1263 322 1315 ,Sin
354 1264 500 1317 inquit,
534 1264 723 1317 ,amplius
741 1264 854 1314 assit,
888 1264 1009 1318 iunge
1041 1264 1221 1317 protinus

75 1336 174 1377 690.
309 1336 457 1386 aratro,
490 1336 535 1376 ut
565 1335 714 1386 trahat,
748 1336 932 1388 quamvis
965 1335 1104 1377 nolens
1133 1337 1260 1390 agat&

239 1405 353 1458 Quod
385 1406 500 1448 homo
532 1406 699 1447 audiens
737 1408 778 1447 et
808 1406 950 1448 audita
983 1419 1223 1460 prosequens

308 1476 486 1519 crastina
516 1489 605 1518 mox
638 1476 703 1518 die
734 1477 841 1531 cepit
872 1477 970 1519 illuc
1002 1478 1073 1528 ire,

235 1546 405 1588 Faciens
437 1547 631 1600 quomodo
662 1547 720 1589 sic
752 1547 914 1589 annecti
945 1549 1080 1590 aratro

306 1618 415 1660 solus
446 1618 655 1671 potuisset,
688 1631 783 1660 suus
815 1620 860 1660 ut
891 1620 1108 1670 traxisset3

76 1689 174 1731 695.
236 1688 290 1730 Et
322 1701 412 1731 ecce
443 1689 584 1731 aderat
615 1702 800 1743 nequam,
834 1691 879 1731 ut
911 1691 1185 1741 consueverat,

307 1759 377 1801 sed
408 1772 498 1801 mox
529 1759 726 1814 alligatur
757 1760 866 1814 iugo,
898 1761 945 1802 ut
975 1762 1122 1802 aretur.

238 1830 297 1871 At
327 1817 398 1872 ille
429 1830 589 1872 fortiter
620 1831 786 1872 trahens
822 1832 862 1872 et
894 1831 1085 1873 velociter

309 1901 458 1943 vadens
489 1901 622 1943 virum
655 1902 787 1955 ipsum
820 1903 1000 1944 traxerat
1031 1902 1236 1954 annixum,

238 1972 444 2014 Adversus
476 1973 638 2026 Arnape
670 1973 757 2014 ibat
788 1973 1015 2015 voluntarie

80 2044 177 2086 700.
314 2043 473 2085 flumini
504 2056 668 2086 aversus
701 2044 973 2086 stimulandus
1005 2056 1179 2098 prorsus,

169 2196 249 2231 675.
287 2196 362 2231 scil.
397 2196 489 2230 circa
514 2196 732 2231 Welderhoff
760 2208 866 2241 prope
900 2197 1066 2231 Nussiam
1100 2208 1133 2231 a.
1167 2196 1214 2231 R.
1243 2196 1284 2231 Τ.
1311 2217 1353 2221 -
1388 2197 1466 2231 679.
1493 2200 1581 2233 statt

27 2257 212 2290 arauerat:
238 2254 363 2290 aderat
387 2255 481 2291 Bon.
512 2276 553 2281 —-
579 2257 659 2291 686.
686 2256 863 2300 Luidgero
889 2257 984 2292 Bell.
1012 2277 1055 2281 —
1086 2257 1164 2291 687.
1192 2256 1260 2291 clas
1277 2257 1395 2291 zweite
1421 2255 1462 2291 de
1487 2267 1578 2291 corr.

30 2315 81 2359 Τ,·
106 2315 133 2359 f.
159 2315 255 2350 Bon.
282 2334 324 2338 —
353 2316 432 2350 692.
458 2315 522 2349 illo
548 2316 640 2350 Bon.
668 2336 712 2340 ——
737 2317 816 2351 695.
843 2315 967 2351 aderat
991 2316 1069 2351 uml
1094 2318 1323 2350 consueuerat
1348 2326 1438 2351 corr.
1467 2315 1506 2349 T.
1535 2335 1578 2339 —

29 2375 108 2410 699.
134 2373 215 2408 Arff
236 2385 270 2410 a.
297 2373 342 2409 R.
373 2374 412 2410 T.

25 2541 169 2585 verlegt
194 2540 560 2585 (Geschichtsquellen
586 2541 653 2575 III.
682 2542 774 2585 183).
812 2540 991 2575 Wiihrend
1018 2540 1171 2575 vielfach
1196 2550 1454 2584 angenommen
1480 2538 1579 2580 wird‚

28 2599 67 2634 in
92 2599 203 2644 Folge
228 2599 342 2635 dieser
367 2599 533 2643 Legendc
558 2600 653 2635 seien
692 2598 748 2634 dic
775 2599 890 2635 Ganse
927 2599 989 2634 das
1022 2599 1190 2643 standige
1215 2598 1384 2633 Attribut
1409 2597 1469 2632 des
1494 2597 1579 2632 Hei-

27 2659 127 2703 ligen
154 2658 355 2703 geworden,
394 2657 525 2693 deuten
558 2658 686 2693 andere
712 2659 768 2694 die
790 2659 903 2703 Vogel
929 2659 982 2693 als
1009 2658 1190 2703 Trappen‚
1228 2658 1358 2692 welche
1384 2657 1474 2698 ihm,
1500 2656 1580 2691 dem

28 2716 236 2761 Begri'inder
261 2717 322 2752 <les
345 2718 584 2759 Ackerbaues‚
624 2717 685 2752 der
710 2718 855 2759 Cultur,
895 2719 931 2753 in
969 2717 1064 2752 diese
1090 2716 1282 2761 Gegenden
1308 2715 1446 2760 gefolgt
1473 2716 1580 2750 scien.

30 2795 75 2802 —
100 2769 197 2811 Eme
223 2776 387 2812 iihnliche
425 2777 631 2821 Erziihlung
667 2777 732 2812 hat
769 2777 827 2812 die
854 2779 929 2812 vita
961 2789 986 2812 3.
1016 2776 1142 2812 Gildae
1175 2777 1356 2821 Sapientis
1381 2786 1409 2810 c.
1437 2777 1455 2810 1
1483 2774 1580 2818 (Bol-

29 2835 132 2870 land:
158 2835 249 2870 Acta
274 2835 394 2871 Sanct.
419 2838 474 2871 29.
504 2836 650 2871 Jauuar.
675 2847 707 2880 p.
735 2837 830 2881 597),
866 2838 971 2871 sowie
997 2836 1054 2871 die
1080 2837 1156 2871 vita
1182 2847 1208 2870 3.
1234 2835 1410 2870 Florentii
1436 2845 1488 2878 ep.
1514 2833 1581 2868 Ar-

29 2896 253 2939 gentinensis
279 2895 351 2939 (bei
376 2896 518 2931 Surius:
555 2896 646 2930 Acta
670 2896 730 2931 SS.
761 2897 791 2930 Τ.
817 2895 905 2930 Nov.
934 2896 995 2930 VI.
1023 2896 1116 2940 130).

1315 2955 1368 2995 13
