1864 3213
242 136 298 178 56
745 133 844 175 Vita
875 144 953 175 sec.
985 144 1016 173 s.
1049 126 1247 185 Liudgeri
1278 129 1350 172 lib.
1382 129 1415 170 I.

383 253 414 287 3.
443 251 565 286 Haeca
589 250 712 285 eadem
748 260 826 284 cum
858 249 930 282 iam
956 248 1032 282 viro
1067 247 1190 281 iuncta
1224 247 1387 280 sanetum
1423 256 1572 290 puerum
1602 246 1707 289 gest
1722 246 1800 280 aret

240 312 288 347 in
312 313 458 352 utero,
485 310 652 354 contigit,
686 311 728 344 ut
753 309 883 344 festino
910 317 1033 351 gressu
1060 305 1227 340 incedens
1265 305 1365 350 lapsa
1403 305 1563 349 graviter
1588 305 1803 338 corrueret

241 373 290 413 et,
303 371 319 396 b
339 373 443 405 acuta
461 369 557 410 sude,
576 377 705 414 superc
732 379 835 413 quam
855 366 1041 407 ceciderat,
1068 366 1112 400 la
1126 368 1202 400 tere
1228 365 1298 400 eiu
1312 377 1327 399 s
1352 363 1520 410 perfosso,
1547 374 1649 398 nemo
1674 365 1803 408 puta-

240 432 325 472 ret,
348 431 423 465 vel
449 429 494 464 ad
518 429 695 463 modicum
719 438 819 472 posse
847 437 925 461 eam
950 425 1104 470 spritum
1130 425 1284 459 retinere
1311 424 1379 459 vel
1402 423 1626 468 puerperium
1650 433 1721 457 non
1746 433 1805 467 pe-

240 501 340 536 nitus
365 501 574 545 periturum.
601 499 688 535 Sed
713 499 802 533 miro
824 496 926 531 modo
953 486 1082 528 Veloci
1115 486 1155 526 ef,
1186 485 1395 539 inopinata
1426 483 1556 525 salute
1603 495 1680 539 ipsa
1722 504 1803 528 con-

242 560 358 595 valuit
389 562 425 594 et
451 558 568 594 infans
606 559 715 603 post
756 567 926 602 paucos
965 555 1061 590 dies
1099 555 1234 590 editus
1273 555 1311 589 in
1348 554 1466 588 nullo
1504 554 1643 588 laesus
1673 563 1805 597 appa-

242 630 351 665 ruit.
394 630 444 664 At
468 641 555 674 puer
579 630 630 663 ut
655 628 834 673 primume
860 627 988 672 loqui
1014 628 1059 661 et
1084 626 1262 660 ambula
1275 637 1325 660 re
1362 636 1414 670 po
1427 626 1567 667 terat,
1594 614 1675 655 iam
1706 614 1804 656 1311Πο

243 703 285 733 se
317 691 406 744 post
437 691 568 732 Deum
600 690 658 730 ire
690 688 733 729 in
765 688 897 729 verbis
930 687 971 729 et
1011 686 1190 728 moribus
1223 686 1477 740 designabat,
1510 698 1601 727 cum
1639 684 1804 726 inutilia

243 774 421 815 quaeque
437 759 659 813 despiceret
692 758 806 801 vanis
825 771 903 799 non
921 757 1204 809 delectaretur,
1238 768 1354 802 lusum
1391 767 1594 802 infantulus
1634 778 1703 801 non
1747 777 1805 801 cu-

243 844 340 877 raret
354 831 552 884 f‚ali0illi
585 843 719 873 amore
735 829 865 870 indito
884 842 929 870 ex
945 829 1059 882 patre
1092 828 1309 882 spirituum
1342 828 1471 870 omnis
1511 828 1657 870 carnis.
1678 838 1804 873 Libros

243 901 314 936 iam
342 901 503 945 diligere,
530 901 741 936 arborum
770 899 987 939 cortices,
1029 898 1202 943 quibus
1243 898 1293 932 ad
1318 898 1574 933 luminaria
1599 899 1668 933 uti
1694 899 1804 933 sole-

242 971 341 1001 mus,
369 962 608 1005 colligere,
629 961 710 995 illos
728 960 772 994 ad
791 959 1067 995 similitudinem
1085 959 1256 994 librorum
1284 970 1301 993 c
1316 970 1494 1000 onsuere,
1514 970 1603 994 cum
1621 959 1687 994 fes
1700 962 1804 994 tuca

245 1033 282 1065 et
318 1021 435 1076 Digl'O
467 1021 645 1074 qUOlibefs
692 1034 879 1078 liquore
905 1032 1074 1067 imitari
1100 1032 1224 1076 cepitg
1250 1031 1580 1067 scribenteshl.

383 1092 416 1126 4.
444 1091 560 1126 Petiit
585 1095 693 1137 post
718 1093 826 1127 haec
851 1094 1086 1137 parentes,
1123 1094 1174 1125 ut
1206 1091 1341 1126 litteris
1375 1102 1417 1126 se
1443 1091 1601 1126 erudiri
1635 1091 1805 1127 facerent·

243 1148 301 1185 At
327 1151 400 1185 illi
426 1152 502 1186 eius
527 1151 743 1187 acclerantes
780 1153 1004 1197 petitionem,
1044 1151 1084 1185 de
1112 1152 1211 1185 cuius
1249 1151 1307 1196 pio
1343 1150 1536 1185 desiderioi
1561 1151 1803 1193 laetabantur,

245 1221 673 1258 commendaverunt
699 1235 793 1258 eum
842 1212 1003 1254 cuidam
1060 1222 1287 1266 Gregorio
1327 1211 1543 1265 gl'fflldissffl
1567 1211 1804 1253 mel'ifiOrum

246 1282 344 1333 Viro,
391 1296 451 1339 qui
478 1294 749 1340 discipulus
776 1295 980 1339 simulquek
1016 1305 1255 1328 successor
1294 1294 1451 1328 sancti
1490 1294 1702 1328 martiris
1728 1294 1804 1328 Bo-

243 1352 443 1388 nifaeii2
482 1354 751 1389 Traiectensi
790 1354 865 1389 sedi
903 1353 1110 1398 presbiter
1149 1354 1351 1398 episcopi
1391 1354 1466 1388 vice
1503 1353 1678 1398 preerat?
1734 1353 1805 1388 Sub

245 1425 344 1459 cuius
370 1425 472 1460 docto
497 1427 707 1470 magisterio
733 1427 771 1461 in
797 1426 934 1461 litteris
961 1428 998 1461 et
1024 1425 1172 1460 servitio
1206 1425 1354 1459 Domini
1380 1424 1586 1466 eruditus,
1638 1415 1806 1456 ssOnsura

246 1484 288 1526 in
321 1486 502 1528 Traiecto
535 1488 776 1529 monasterio
811 1488 989 1540 accepta,
1021 1497 1215 1532 moderatis
1254 1496 1357 1531 valde
1395 1495 1550 1530 moribus
1585 1495 1621 1529 in
1648 1495 1806 1530 omnium

246 1555 321 1590 illic
347 1555 538 1591 dilectione
565 1560 793 1592 conversatus
819 1558 926 1592 est-14.

389 1616 420 1650 5.
448 1616 590 1651 Venit
628 1618 812 1652 interea
851 1618 923 1651 vir
962 1616 1147 1662 quidam
1186 1614 1455 1649 venerandus
1493 1615 1543 1648 de
1570 1616 1699 1648 terra
1725 1614 1806 1648 An-

247 1686 429 1730 glorum
454 1688 638 1723 nomine
675 1688 946 1730 Alubertus,
985 1688 1173 1732 cupiens
1207 1676 1299 1717 l'Udi
1324 1687 1482 1731 partium
1509 1686 1649 1720 illarum
1677 1685 1805 1730 plebi

247 1745 293 1779 in
319 1745 540 1781 doctrina
577 1747 808 1792 prodesse.
839 1747 970 1790 Quem
1012 1747 1094 1782 dum
1133 1746 1274 1781 abbas
1312 1745 1563 1790 Gregorius
1601 1744 1806 1780 libenter

248 1806 493 1850 susciperet,
525 1809 750 1851 comperta
776 1808 851 1841 eius
878 1817 955 1841 cum
981 1808 1041 1851 pia
1066 1807 1254 1841 voluntate
1278 1805 1456 1850 sapientia
1483 1816 1561 1839 eum
1588 1804 1685 1839 sibi
1712 1816 1806 1840 cor-

249 1865 533 1910 episcopumm
570 1866 648 1900 fieri
682 1866 894 1910 postulavit.
937 1865 1037 1909 Quod
1062 1877 1142 1900 cum
1167 1865 1230 1900 ille
1256 1864 1478 1899 eo'modon
1502 1865 1691 1905 recusaret,
1717 1866 1760 1899 ut
1785 1874 1806 1899 a

248 1925 388 1969 proprio
427 1925 691 1960 ordinaretur
728 1926 948 1971 episcopo,
986 1926 1127 1960 remisit
1164 1936 1258 1960 eum
1297 1924 1340 1958 ad
1378 1927 1508 1958 terram
1547 1934 1646 1957 suam
1684 1923 1728 1958 ab
1754 1934 1806 1965 eo,

249 1995 353 2030 quem
380 1984 581 2026 dixerat,
610 1985 813 2030 episeopo
839 1984 1073 2019 ordinandum
1111 1987 1275 2019 etcum
1302 1995 1349 2018 co
1376 1982 1661 2026 Liudgerum,
1688 1984 1729 2017 ut
1754 1982 1807 2016 ibi

250 2056 452 2091 diaconii
478 2057 674 2101 perciperet
699 2056 860 2101 gradum.
886 2057 979 2091 Nam
1004 2057 1091 2101 ipse,
1122 2047 1169 2086 ub
1200 2045 1353 2086 dictum
1387 2044 1459 2094 est,
1482 2053 1658 2098 presbiter
1675 2053 1806 2098 episco-

249 2128 366 2172 palem
392 2130 557 2162 tenuerat
583 2127 710 2162 sedem.
736 2127 892 2163 Eodemo
919 2130 1076 2172 tempore
1104 2128 1142 2161 in
1179 2126 1377 2161 Eboraicap
1416 2124 1565 2159 civitate
1628 2114 1806 2156 famosus

250 2188 395 2230 ΙΠΘΓῘἙΟ
420 2199 593 2243 magister
607 2199 737 2234 scolam
763 2199 1053 2234 Alchuinusq
1078 2197 1237 2235 tenebat,
1269 2186 1546 2238 undecumque
1577 2184 1629 2227 ad·
1650 2197 1693 2226 Se
1714 2197 1808 2227 Gon-

393 2313 410 2331 a
433 2316 523 2341 corr.
549 2307 590 2341 in
614 2305 678 2340 hec
703 2306 750 2340 A.
792 2325 835 2330 -—
869 2305 885 2331 b
910 2306 938 2349 f.
964 2305 1013 2339 D.
1041 2324 1084 2329 —
1111 2312 1125 2330 0
1151 2314 1255 2348 supra
1280 2303 1347 2338 Br.
1375 2322 1419 2327 -—
1445 2302 1463 2328 d
1487 2302 1584 2336 latus
1609 2300 1808 2347 perfodere-

250 2366 311 2400 tur
335 2365 389 2399 ita
415 2366 456 2399 ut
481 2365 547 2400 Br.
573 2384 612 2390 —-
637 2373 651 2391 e
677 2365 791 2410 primo
816 2365 868 2399 H.
895 2384 939 2389 ——
964 2364 979 2390 f
1001 2366 1137 2399 amaret
1161 2364 1225 2398 Br.
1260 2383 1303 2388 —
1338 2371 1356 2396 g
1387 2363 1413 2406 f.
1448 2362 1513 2396 ΒΥ.
1546 2380 1590 2385 --
1614 2361 1633 2387 h
1657 2363 1690 2395 3.
1717 2360 1808 2396 Bild

249 2426 292 2460 in
315 2424 363 2458 A.
390 2443 434 2449 —
459 2424 469 2450 i
494 2423 526 2459 d.
553 2435 584 2469 p.
610 2425 659 2459 D.
688 2444 732 2448 —-
756 2425 775 2450 k
799 2426 837 2459 et
861 2424 910 2459 D.
938 2444 982 2449 —
1007 2424 1016 2449 l
1041 2427 1072 2458 4.
1110 2423 1199 2459 Bild
1229 2424 1271 2458 in
1299 2422 1347 2457 A.
1375 2441 1418 2446 -
1443 2430 1470 2447 1¹1
1494 2432 1584 2456 corr.
1611 2421 1649 2455 in
1676 2419 1808 2464 coepis-

251 2493 372 2528 copum
400 2484 447 2517 A.
474 2503 517 2508 -
543 2492 562 2509 11
587 2484 653 2518 Br.
679 2495 707 2518 s.
732 2485 773 2518 h.-
797 2495 881 2518 non.
901 2503 945 2508 —
963 2491 978 2509 0
1006 2482 1293 2527 Capitelanfany
1313 2483 1353 2517 in
1369 2481 1429 2524 A,-
1447 2480 1497 2515 Eo
1515 2481 1580 2515 Br.
1601 2499 1643 2504 —
1670 2487 1688 2512 Ρ
1712 2478 1806 2514 Ebo-

251 2543 347 2577 riaca
370 2542 420 2577 D.
448 2562 492 2567 —
518 2551 535 2575 q
559 2542 780 2577 Alchuuinus
804 2553 894 2578 corr.
919 2543 961 2577 in
984 2541 1205 2577 Alchuniuus
1230 2540 1280 2575 D.

396 2734 431 2772 1)
457 2732 544 2767 Vita
568 2733 596 2767 1.
624 2743 651 2766 c.
678 2733 711 2767 8.

395 2792 430 2837 2)
455 2791 543 2826 Vita
567 2792 596 2826 I.
623 2802 651 2827 c.
677 2793 710 2826 9.

395 2851 432 2896 3)
458 2851 546 2885 Vita
570 2851 600 2886 Ι.
626 2861 652 2884 c.
681 2851 735 2885 10.

394 2910 431 2955 4)
457 2909 544 2944 Vita
569 2910 596 2944 Ι.
625 2920 651 2944 c.
680 2911 711 2945 9.
