1864 3213
272 173 354 214 146

318 539 416 581 355.

317 859 415 901 360.

319 1154 416 1195 365.

323 1452 348 1491 m:

354 1451 407 1491 ἒ

321 1769 419 1811 375.

323 2065 420 2105 380.

668 170 768 213 Vita
798 169 947 225 rythm.
981 181 1012 212 s.
1045 166 1241 223 Liudgeri
1271 167 1342 211 let.
1375 166 1407 209 I.

477 300 571 344 Ergo
600 288 864 344 Liudgerulus‚
897 297 1024 333 beatus
1049 297 1228 342 puerulus,

548 359 610 393 isti
636 356 970 399 commendatur,
995 358 1037 392 ut
1060 356 1255 399 erudiatur,

477 419 586 462 Quem
613 419 650 453 et
675 417 876 461 Gregorius,
903 415 1023 451 doctor
1049 415 1310 457 devotissimus,

550 477 760 519 libenter
788 477 990 521 suscepit
1024 478 1062 511 et
1086 475 1207 510 docere
1232 476 1339 521 cepit.

479 537 545 571 Ille
571 536 734 571 docibilis
760 536 797 570 in
823 546 859 570 se
885 537 1027 569 sanctae
1053 534 1184 569 indolis

545 597 722 630 monstrat
748 595 1026 630 instrumentum
1057 605 1118 639 per
1143 604 1305 639 capacem
1331 604 1483 635 sensum,

477 667 568 702 Nam
587 655 691 709 quod
723 655 940 708 inceperat,
976 654 1071 696 dum
1107 666 1326 708 perparvus
1358 654 1504 705 fuerat,

552 726 697 780 implet
727 739 833 767 1111110
863 725 1048 780 legendo,
1082 725 1226 778 implet
1256 737 1362 767 nunc
1393 724 1624 767 scribendo:

484 796 801 832 Scolasticissimus
828 795 885 830 vel
910 795 1186 830 docibilissimus

548 857 642 890 certe
668 855 779 890 ι1110311
805 854 947 890 Christo
977 855 1105 889 calluit
1129 853 1301 898 magistro
1310 868 1318 896 ;

478 915 587 950 Pater
612 914 801 959 spirituum
827 914 911 947 olim
937 914 1050 948 traxit
1075 914 1272 958 parvulum,

548 972 630 1008 dum
657 973 900 1018 prefiguraret,
927 974 1050 1017 postea
1076 972 1168 1018 quod
1194 972 1306 1007 daret.

409 1035 441 1068 8.
479 1032 679 1077 Liudgerus
704 1032 819 1076 igitur
845 1042 865 1066 a
890 1032 1026 1066 cunctis
1051 1031 1230 1075 diligitur,

547 1091 697 1127 meritus
722 1101 857 1126 amores
882 1102 943 1136 per
972 1090 1138 1136 probatos
1163 1102 1286 1132 mores,

479 1152 521 1187 In
549 1151 683 1186 cunctis
708 1151 811 1185 utilis
836 1161 971 1195 semper
996 1150 1067 1185 fuit
1093 1151 1239 1185 humilis

551 1213 588 1246 et
614 1221 715 1255 super
741 1212 875 1245 etatem
900 1209 1034 1245 habeus
1059 1211 1289 1254 gravitatem.

479 1270 648 1306 Ostendit
673 1270 830 1314 graciam
856 1270 1010 1304 vultus
1035 1280 1096 1314 per
1122 1269 1291 1310 leticiam,

549 1330 718 1364 hilaris
750 1330 786 1364 in
815 1330 902 1372 visu,
930 1329 1088 1373 gaudens
1113 1330 1188 1364 sine
1215 1330 1340 1370 risu¹,

479 1389 579 1424 Inter
605 1388 696 1435 quod
722 1388 893 1433 gaudium
919 1389 968 1423 sic
994 1388 1149 1423 timebat
1173 1388 1375 1429 Dominum,

553 1451 594 1483 ut
620 1448 848 1493 deposuisset,
876 1446 1041 1494 quicquid
1069 1447 1191 1482 mundi
1218 1449 1310 1482 esset
1321 1447 1344 1481 ².

482 1508 644 1550 Comam
677 1519 878 1564 deposuit,
912 1508 1057 1550 laicale
1089 1507 1210 1560 exuit,

553 1579 757 1634 gaudente
789 1580 972 1622 Traiecto
1003 1592 1073 1633 pro
1108 1579 1182 1621 1100
1213 1579 1253 1620 111
1284 1591 1325 1620 30
1357 1579 1476 1620 facto.

482 1649 617 1684 Auctus
644 1650 680 1684 in
706 1650 832 1684 melius
857 1660 991 1695 semper
1017 1649 1221 1694 desuperius

550 1708 595 1743 ad
621 1708 907 1753 Omnipotentem
936 1709 1047 1744 vertit
1072 1711 1187 1743 totam
1212 1710 1380 1743 mentem.

483 1768 617 1802 Scola
643 1767 858 1812 Gregorii
885 1767 1081 1803 virtutibus
1106 1767 1218 1803 studii

551 1827 664 1861 multo
689 1827 757 1861 tali
783 1827 865 1862 flore
891 1826 996 1861 fulsit
1020 1827 1084 1861 hoc
1108 1829 1277 1872 tempore,

482 1886 573 1920 Nam
599 1875 706 1920 multi
732 1886 921 1921 nobiles
947 1889 984 1921 et
1009 1886 1122 1922 futuri
1147 1886 1303 1931 presules

552 1944 603 1980 ibi
629 1948 714 1980 sunt
739 1948 776 1981 et
802 1945 897 1981 docti
924 1948 961 1981 et
986 1946 1030 1981 ad
1055 1946 1237 1982 Christum
1263 1946 1372 1988 ducti,

483 2003 530 2038 Et
555 2004 599 2039 in
626 2004 808 2040 ordinibus
835 2006 944 2040 etiam
969 2005 1226 2040 minoribus

552 2063 699 2098 ecclesia
724 2064 806 2098 inde
836 2064 964 2099 habuit
989 2064 1140 2099 abunde.

482 2122 669 2168 Danteque
694 2123 846 2158 Domino
871 2124 1045 2159 altissimo
1072 2123 1190 2159 studio

552 2181 752 2226 Liudgerus
777 2182 822 2217 ad
846 2186 981 2218 rectum
1007 2184 1105 2218 volat
1130 2183 1365 2219 intellectum.

483 2242 632 2284 Factus
665 2242 868 2294 accolitus,
903 2256 975 2286 nec
1006 2256 1084 2285 non
1117 2243 1382 2286 subdiaconus

556 2325 646 2355 suos
677 2314 783 2367 cepit
813 2315 915 2356 mire
947 2315 1122 2369 collegas
1153 2316 1296 2368 preire,

413 2416 421 2424 ,
483 2382 573 2417 Nam
600 2383 664 2418 hoc
689 2385 911 2429 precipue
938 2384 1079 2420 studuit
1104 2384 1295 2426 addiscere,

556 2443 611 2476 vel
638 2454 704 2488 quo
730 2443 930 2488 predicetur
957 2444 1066 2479 Deus
1094 2445 1149 2479 vel
1175 2443 1409 2485 laudetur-²,

484 2500 585 2536 Unde
611 2501 780 2546 Gregorio
804 2503 950 2538 habitus
974 2514 1035 2548 pro
1060 2503 1178 2546 silio,

555 2560 628 2594 filio
654 2560 810 2606 profecto
836 2562 962 2596 intime
988 2561 1154 2605 dilecto,

415 2666 494 2701 364.
521 2677 667 2708 amores,
695 2667 838 2711 Plural,
875 2679 964 2703 corr.
1004 2669 1088 2703 aber
1123 2669 1295 2714 yesichert
1331 2668 1444 2703 durch
1480 2667 1550 2703 den
1574 2667 1676 2703 Reim
1707 2666 1746 2702 Τ.
1775 2686 1817 2692 -·

274 2725 354 2759 3ἳῖ).
380 2736 469 2760 corr.
497 2737 564 2760 aus
589 2725 718 2761 studiis
739 2726 778 2761 T.
806 2746 847 2751 —
873 2728 954 2762 378.
980 2739 1070 2762 corr.
1097 2729 1137 2762 in
1162 2727 1276 2762 edocti
1305 2728 1343 2762 Τ.
1373 2748 1414 2752 -
1439 2728 1519 2763 382.
1545 2727 1646 2762 uolat
1666 2739 1757 2763 corr.
1777 2727 1817 2762 T.

275 2913 302 2948 Ι.

417 2857 451 2900 1)
478 2856 563 2890 vita
589 2855 617 2890 1.
645 2867 672 2892 c.
699 2858 738 2898 9;
766 2857 841 2891 vita
866 2857 934 2891 111.
963 2867 989 2891 c.
1018 2858 1049 2891 c.
1077 2876 1119 2880 —
1145 2858 1180 2902 3)
1207 2856 1287 2901 Vgl.
1309 2857 1385 2891 vita
1410 2857 1477 2892 111.
1504 2856 1528 2891 1.
1545 2867 1572 2892 c.
1602 2877 1643 2882 —
1670 2857 1706 2901 3>
1733 2856 1818 2891 vita

330 2924 357 2950 c.
384 2915 416 2949 9.
