1864 3213
244 163 350 204 1221
670 162 766 205 Vita
799 162 872 205 111.
907 176 936 205 6.
971 161 1164 217 Liudgeri
1204 162 1274 206 lib.
1309 162 1359 206 11.

70 265 130 301 SS.
158 266 206 301 ΙΙ.

102 313 183 349 421.
374 282 468 322 223.
503 280 677 333 Quidam
710 280 759 323 de
791 280 903 331 villa,
950 292 1053 333 quae
1085 279 1227 322 Sosatb
1246 282 1261 306 1
1299 281 1540 335 appellatur,
1572 280 1789 323 Α1(11·16116Ο

232 363 393 394 uxorem
424 351 569 393 habuit
599 350 759 393 nomine
790 350 1060 397 Heriswidan]
1073 351 1102 392 d.
1140 351 1250 392 Haec
1281 353 1416 393 mente
1448 351 1604 406 perdita
1636 353 1786 405 septem

232 420 348 463 annis
380 421 582 464 continuis
614 422 700 464 sine
732 434 850 463 sensu
882 421 1119 475 permansit.
1154 422 1231 464 Sed
1253 422 1401 464 cotidie
1434 423 1544 465 fama
1575 423 1787 474 virtutum,

232 504 332 546 quae
363 505 433 546 per
464 493 648 535 sanctum
682 492 933 547 Liudgerum
967 492 1132 544 fiebant,
1165 494 1380 544 crescente,
1428 494 1479 535 ad
1512 494 1596 536 eius
1638 506 1788 536 memo-

231 563 332 604 riam
367 576 391 604 a
422 563 507 605 viro
539 575 609 605 suo
658 563 851 617 perducta
884 564 956 605 est.
1012 563 1122 616 Quae
1170 577 1275 615 cum,
1322 564 1490 607 licentia
1538 577 1561 606 a
1591 565 1788 606 fratribus

231 635 409 688 accepta,
441 634 483 676 in
522 634 666 688 cripta,
708 634 779 676 ubi
820 635 1004 677 sanctum
1044 634 1128 677 eius
1160 647 1303 688 corpus
1333 635 1591 689 requiescite,
1623 648 1788 688 ponere-

232 706 299 747 tur
331 705 371 748 et
402 705 464 747 sui
495 718 566 759 pro
598 718 644 747 ea
676 704 919 760 pervigilem
968 705 1011 746 in
1057 706 1234 748 oratione
1281 706 1439 748 noctem
1480 706 1787 761 transegissent,

234 788 324 818 eum
357 775 435 818 sibi
467 776 509 817 111
541 788 678 830 sopore
710 776 966 818 assistentem
997 775 1116 827 vidit,
1164 777 1287 831 ignea
1335 775 1626 830 quodammodo
1658 776 1788 830 specie

233 847 300 888 ets
327 846 559 889 incredibili
591 846 778 889 claritate
809 846 1080 901 conspicuum.
1127 847 1164 888 A
1196 860 1272 900 quo
1305 860 1346 889 se
1377 847 1435 889 ibi
1467 847 1605 889 divina
1637 847 1788 890 virtute

167 966 172 971 ,
235 917 473 959 salvandam
515 918 706 968 audiens,
749 918 1032 973 expergefacta
1083 917 1297 972 evigilavit
1350 919 1389 960 et
1435 917 1647 960 subitanea
1693 930 1788 960 suae

232 987 482 1031 liberationis
517 988 740 1032 salvatione
770 1003 847 1031 non
871 990 1068 1032 somnium
1093 1002 1147 1039 se,
1182 989 1252 1031 sed
1279 988 1474 1031 visionem
1498 988 1646 1031 vidisse
1680 1002 1788 1031 com-

69 1046 204 1129 ὃῖῥὲῙ·
232 1058 429 1112 probavit.
482 1059 547 1101 Ita
578 1060 807 1114 gratiarum
851 1060 1006 1103 actione
1054 1060 1268 1113 persoluta,
1317 1059 1479 1102 domum
1513 1060 1787 1114 gaudentibus

174 1121 181 1129 ⁶
233 1129 315 1172 suis
347 1129 568 1183 repedavit.

374 1201 430 1242 23
442 1209 471 1242 g.
507 1200 689 1254 Quedam
723 1214 878 1255 quoqne
911 1200 995 1244 eins
1027 1201 1161 1243 vicina
1193 1201 1403 1242 Athalwi11
1435 1201 1657 1251 dicebatur,
1689 1201 1788 1243 haec

233 1270 469 1313 durissimoi
502 1271 684 1314 demonio
724 1272 865 1314 invasa
909 1273 1026 1314 tanta
1072 1272 1230 1314 insania
1276 1271 1487 1326 agebatur,
1536 1265 1594 1322 iit,
1635 1271 1714 1313 nisi
1744 1272 1787 1313 in

231 1341 405 1384 vinculis
435 1342 663 1393 haberetur,
697 1343 738 1384 in
760 1343 895 1385 obvios
918 1343 1098 1396 quoquek
1121 1342 1280 1384 seviret.
1315 1341 1437 1385 Cuius
1458 1343 1657 1396 parentes,
1691 1343 1786 1384 dum

231 1413 431 1466 prefatam
463 1413 673 1455 mulierem
688 1415 711 1464 1,
745 1427 845 1467 quae
878 1414 991 1455 tanto
1024 1413 1172 1455 mentis
1205 1413 1369 1467 imposm
1389 1414 1568 1467 tempore
1598 1413 1692 1465 fuit,
1724 1426 1787 1455 sa-

232 1484 473 1526 nissimamn
519 1485 714 1536 viderent,
764 1486 869 1528 hano
917 1498 1070 1539 quoque
1110 1497 1180 1539 per
1213 1485 1343 1527 sancti
1375 1483 1611 1526 confessoris
1641 1484 1788 1526 merita

232 1555 471 1597 salvandam
502 1568 601 1606 esse,
634 1556 750 1598 corde
783 1556 944 1598 credulo
975 1557 1325 1609 presumpserunt,
1360 1554 1393 1597 si
1424 1554 1477 1596 ad
1509 1554 1620 1597 61116Ο
1651 1556 1786 1597 tumu-

231 1625 315 1666 lum
349 1627 639 1679 perduxissent.
695 1627 867 1669 Proinde
914 1627 1017 1668 nihil
1050 1625 1210 1677 morati,
1259 1627 1352 1680 quia
1385 1625 1506 1668 aliter
1536 1627 1586 1668 ob
1616 1625 1786 1667 nimiam

231 1696 411 1739 rabiemp
443 1697 592 1740 adduci
623 1711 701 1740 non
724 1699 895 1752 poterat,
928 1698 970 1738 in
1004 1697 1137 1739 vincla
1160 1710 1249 1739 eam
1281 1696 1513 1739 conicerunt
1545 1697 1586 1738 et
1615 1697 1702 1739 itaq
1734 1696 1786 1738 ad

232 1769 494 1811 memoratam
516 1769 753 1812 aecclesiam
784 1769 1069 1822 perduxerunt.
1101 1768 1183 1810 Ubi
1207 1768 1300 1809 (111111
1323 1781 1394 1821 pro
1417 1780 1463 1809 ea
1486 1767 1629 1810 devota
1651 1769 1785 1810 mente

231 1840 425 1890 orassent,
456 1841 566 1882 omni
598 1840 830 1882 demoniea¹
860 1839 1134 1881 ludificatione
1167 1838 1345 1893 effugata
1385 1850 1580 1892 sensuque
1612 1838 1783 1890 reddito,

231 1909 520 1965 integerrimae
551 1910 720 1953 sanitati
751 1910 943 1953 restituta
975 1910 1047 1953 est.

373 1982 465 2023 24³.
497 1981 606 2024 Nect
637 1981 764 2024 solum
797 1982 961 2023 sanctus
992 1980 1251 2035 Liudgerusu
1298 1992 1321 2021 a
1354 1979 1513 2021 diabolo
1551 1979 1785 2034 plerumque

230 2051 334 2093 lesos
366 2051 564 2103 sanavitv,
597 2051 666 2094 sed
713 2051 834 2093 etiam
883 2051 923 2091 in
971 2050 1167 2092 auxilium
1215 2050 1424 2092 invocatus
1470 2063 1783 2104 nonnumquam,

373 2199 389 2217 ἃ
413 2192 489 2227 (lies
513 2203 596 2237 cap.
618 2191 648 2234 f.
686 2191 723 2227 J.
769 2191 808 2225 V.
849 2191 896 2227 X.
940 2191 983 2225 Y.
1018 2191 1073 2234 Z,·
1107 2202 1134 2225 c.
1164 2192 1206 2226 16
1244 2192 1308 2226 Βν.
1347 2192 1464 2226 Perta.
1509 2211 1548 2215 ·—
1586 2191 1603 2216 b
1643 2191 1784 2226 Sosacia

235 2252 274 2285 T.
307 2251 358 2294 U‚·
384 2251 550 2286 Susatnm
577 2251 673 2286 Cinc.
702 2272 744 2276 -—
771 2259 785 2276 0
810 2250 907 2285 Aldr.
936 2249 978 2284 de
1005 2261 1036 2285 v.
1064 2261 1130 2295 que
1156 2250 1189 2284 S.
1216 2260 1294 2295 app.
1322 2250 1416 2285 Bon.
1444 2270 1485 2274 —
1513 2250 1530 2275 <1
1555 2249 1782 2285 Herisuidam

232 2311 302 2351 Bm
329 2309 586 2344 Heriswindam
618 2310 654 2345 T.
687 2311 721 2345 U
727 2324 739 2353 ,·
769 2308 1019 2344 Herisuindam
1046 2310 1138 2344 Bon.
1179 2328 1207 2332 -
1249 2317 1263 2334 e
1296 2309 1448 2354 quiescit
1472 2310 1564 2344 Bon.
1595 2328 1636 2333 —-
1663 2309 1677 2335 f
1700 2311 1784 2344 iiber

232 2369 295 2404 der
320 2369 416 2404 Zeile
442 2369 479 2404 C.
506 2389 548 2393 —
575 2377 592 2401 g
617 2370 692 2404 dies
709 2380 787 2413 cap.
812 2369 889 2411 fiJ.
916 2369 955 2402 V.
978 2368 1027 2403 X.
1052 2368 1094 2401 Y.
1123 2368 1175 2405 Z,·
1194 2378 1220 2402 e.
1240 2368 1293 2402 17.
1314 2368 1379 2402 Br.
1401 2368 1517 2403 Perta.
1539 2389 1580 2392 —
1608 2368 1627 2394 h
1651 2368 1782 2403 Athal-

234 2427 349 2462 wildis
376 2428 416 2470 T,
443 2440 475 2462 ιι.
503 2439 536 2462 α.
555 2428 598 2462 R.
620 2428 690 2468 Br;
716 2427 931 2462 Athalwidis
956 2427 1004 2467 U3
1023 2425 1208 2460 Adalwina
1229 2426 1326 2461 Cive.
1356 2447 1397 2450 —
1423 2427 1431 2452 i
1458 2426 1637 2461 dirissimo
1664 2427 1780 2462 Perta.

233 2507 276 2510 —
304 2486 321 2511 k
347 2497 500 2532 quosque
537 2487 602 2521 Br.
629 2487 707 2522 und
741 2498 832 2522 corr.
873 2487 912 2521 T.
949 2505 990 2510 —
1028 2487 1036 2511 1
1068 2486 1205 2520 scilicet
1242 2485 1477 2520 Heriswidam
1515 2497 1547 2521 α.
1587 2486 1632 2521 R.
1670 2486 1710 2521 T.
1740 2506 1782 2510 --

233 2553 257 2570 ¹¹¹
284 2546 384 2590 inops
409 2546 472 2580 Br.
515 2565 557 2570 —
595 2554 612 2570 ¹¹
637 2557 724 2581 corr.
759 2557 826 2580 aus
863 2545 1124 2579 insanissimam
1151 2544 1186 2579 G.
1217 2564 1259 2569 —
1298 2552 1313 2570 0
1342 2545 1382 2579 Τ.
1407 2546 1472 2579 Br.
1500 2556 1526 2579 s.
1554 2545 1597 2579 h:
1622 2555 1710 2581 eam.
1739 2564 1781 2568 -

234 2612 250 2636 1»
274 2605 300 2647 f.
329 2617 361 2638 ιι.
389 2616 420 2639 a.
448 2604 494 2639 R.
532 2603 753 2639 ferocitatem
781 2604 819 2639 T.
849 2623 891 2628 ——
929 2612 945 2636 «1
971 2604 1035 2638 Br.
1072 2616 1099 2637 s.
1126 2604 1167 2638 h:
1204 2614 1291 2638 eam.
1319 2623 1361 2627 —
1399 2611 1412 2629 r
1438 2603 1643 2638 demoniaca
1671 2604 1710 2638 T.
1738 2622 1781 2627 —

233 2672 246 2689 t<
272 2662 434 2707 Fugatur
458 2662 583 2697 demon
609 2664 654 2697 E.
684 2683 726 2687 ——
753 2664 764 2688 t
788 2662 861 2697 Hec
886 2663 932 2697 E.
962 2683 1003 2687 —
1031 2671 1047 2689 u
1071 2662 1193 2706 Liutg.
1220 2663 1257 2697 J.
1284 2663 1324 2698 V.
1346 2663 1386 2697 X
1393 2677 1405 2707 ;
1424 2662 1562 2707 Ludgh.
1584 2663 1632 2705 T;
1658 2662 1779 2707 Luitg.

234 2722 275 2756 Z.
303 2742 345 2746 —
372 2730 388 2747 v
413 2722 567 2756 salvavit
591 2722 627 2757 J.
657 2722 704 2757 X.
732 2723 773 2757 Ζ.
1015 2718 1017 2721 ’

375 2911 412 2957 1)
436 2911 550 2947 Soest.
