1864 3213
258 168 339 215 148
654 166 750 214 Vita
783 169 931 226 rythm.
975 183 1007 212 s.
1040 162 1235 225 Liudgeri
1267 162 1336 212 let.
1370 162 1401 211 Ῐ.

302 290 401 332 425.
464 301 584 345 Igitur
609 300 742 336 habitis
768 301 846 336 viae
870 299 1075 335 necessariis

535 363 571 395 et
596 362 776 405 assumpto
802 359 908 405 probo
934 370 1049 394 secum
1075 358 1242 403 Sigebo
1254 358 1308 400 do,

463 419 669 454 Ascendunt
694 430 835 464 propere
861 419 993 460 navim,
1020 417 1156 453 vadunt
1181 428 1354 463 prospere,

534 489 671 513 causam
697 479 922 522 peregerunt,
949 487 1010 522 pro
1036 487 1104 522 qua
1130 477 1308 512 exierunt:

463 537 678 572 Alubreth
703 537 878 582 presbiter
909 536 951 571 fit
977 536 1096 581 presul
1120 536 1376 580 sollempniter,

300 587 400 628 430.
532 597 574 631 fit
600 599 637 631 et
662 595 908 640 Sigebodus
933 595 1157 640 presbiter
1181 595 1383 640 pcrprobus,

461 655 659 699 Liudgerus
685 656 823 690 iuvenis
848 655 891 689 fit
916 655 1053 690 levita¹
1070 655 1236 697 humilis;

530 715 650 758 gracia
676 714 725 748 sic
749 714 846 749 trina
872 714 988 749 tribus
1012 716 1066 749 est
1092 713 1218 748 divisa.

461 773 625 808 Eodem
652 772 882 817 tempore‘2
907 773 1164 807 Alchwinus
1189 773 1352 818 precipue

530 832 665 876 Anglos
691 834 795 866 ornat
819 832 957 866 scolis
983 831 1181 877 studiisque
1206 831 1327 873 bonis;

297 881 396 922 435·
459 891 593 937 Captus
619 892 786 927 continuo
813 891 1079 936 Liudgerus
1104 891 1169 926 hoc
1195 890 1313 925 studio

530 951 713 985 Alchwino
732 962 768 985 se
794 951 949 991 iunxit,
977 961 1054 984 cum
1081 961 1148 995 quo
1175 960 1262 984 ann
1273 961 1331 984 um
1357 951 1500 993 mansit,

459 1010 501 1044 In
528 1010 624 1045 cuius
651 1011 804 1045 termino
830 1010 940 1045 rediit
966 1010 1178 1053 Gregorio

529 1080 605 1104 cum
632 1069 766 1105 duobus
792 1070 889 1111 viris,
916 1080 993 1104 cum
1019 1069 1147 1114 quibus
1173 1069 1295 1112 exivit,

458 1128 506 1163 Et
530 1127 708 1164 adiutorio
735 1128 951 1163 Alubreth
977 1128 1147 1172 Gregorio

296 1178 395 1219 440·
527 1199 587 1232 per
613 1188 850 1233 episcopatum
885 1187 956 1222 fuit
980 1198 1059 1222 mox
1084 1187 1263 1222 collatum.

365 1248 419 1282 10.
456 1246 506 1281 At
531 1249 674 1282 sanctus
699 1247 847 1288 iuvenis,
874 1246 956 1281 dum
982 1246 1158 1281 Alchwini
1183 1246 1357 1285 meminit,

528 1307 641 1341 esurit
666 1308 703 1341 et
728 1306 810 1341 sitit
835 1305 1011 1348 dulcem,
1038 1316 1142 1350 quem
1168 1305 1332 1350 reliquid,

458 1364 558 1400 Unde
584 1364 758 1410 disposuit
783 1366 922 1410 statim,
948 1367 1121 1410 quantum
1147 1365 1277 1409 potuit,

527 1424 580 1459 ad
605 1425 815 1469 prudentem
841 1425 956 1459 virum
981 1423 1121 1468 regredi
1146 1424 1458 1466 Alchwinum,

294 1473 393 1514 445·
456 1483 564 1520 Cuius
582 1485 724 1519 itineris
749 1483 997 1518 licenciam
1022 1483 1162 1528 peciit

527 1545 663 1586 sancto
689 1554 730 1589 de
756 1553 921 1589 abbate
947 1565 1024 1588 cum
1051 1554 1270 1588 humilitate.

456 1613 523 1648 Sed
548 1614 657 1649 abbas
682 1614 897 1655 rennuit3
924 1614 1008 1658 quia
1033 1615 1181 1648 tamen
1208 1613 1364 1648 noluit

527 1674 629 1708 illurn
655 1674 948 1714 contristare,
975 1674 1127 1717 ceperat
1153 1682 1277 1716 rogare

454 1733 522 1767 Pro
548 1734 620 1768 suis
645 1732 817 1778 precibus,
843 1735 884 1767 ut
909 1733 974 1767 hoc
998 1733 1068 1767 iter
1092 1733 1246 1777 penitus,

291 1782 390 1823 450.
524 1793 553 1827 si
579 1804 647 1827 non
673 1792 846 1834 dimisset,
876 1792 998 1826 saltim
1025 1791 1234 1827 distulisset.

454 1852 521 1887 Sed
547 1852 648 1887 homo
674 1852 817 1887 stabilis
842 1862 905 1886 nec
930 1851 971 1886 de
1002 1851 1092 1886 bono
1117 1850 1259 1885 mobilis

523 1911 565 1946 de
591 1913 665 1953 hoc,
693 1911 784 1957 quod
809 1911 953 1955 incepit,
980 1911 1071 1945 bono
1096 1921 1166 1945 non
1192 1910 1321 1945 defecit

453 1971 501 2006 Et
526 1972 665 2006 instans
691 1971 834 2005 fortiter
858 1972 1022 2015 precatur
1047 1970 1264 2014 suppliciter,

522 2030 680 2065 studium
706 2030 837 2064 scolare
862 2031 1061 2064 monstrans
1087 2040 1122 2063 se
1148 2039 1276 2063 amare.

290 2078 388 2119 455.
450 2089 544 2133 Ergo
571 2089 761 2133 Gregorius
786 2090 862 2124 eius
887 2089 1016 2133 patri
1041 2089 1148 2123 cicius

522 2149 592 2183 ista
618 2148 858 2190 demandavit,
884 2148 1026 2192 insuper
1051 2147 1204 2192 rogavit,

451 2207 502 2242 Ut
527 2208 637 2242 vellet
661 2208 766 2242 affore
800 2210 838 2242 et
863 2208 972 2242 vellet
997 2209 1157 2241 avertere

522 2270 646 2302 natum
671 2267 715 2302 ab
742 2268 881 2312 incepto
912 2267 1029 2312 patrio
1054 2267 1226 2311 precepto.

453 2326 502 2361 Ut
528 2326 642 2360 dicam
669 2326 834 2367 breviter,
860 2325 1006 2360 advenit
1031 2325 1202 2366 celeriter,

288 2374 388 2416 460·
520 2386 612 2429 petit
637 2385 812 2429 spiritalis
837 2387 939 2429 pater
970 2387 1007 2419 et
1032 2384 1201 2425 carnalis;

451 2444 536 2479 Sed
561 2447 682 2479 sancto
716 2443 873 2478 studio
899 2445 1098 2489 inspirante
1123 2443 1274 2478 Domino

520 2504 662 2538 inhians
689 2504 838 2538 levita,
864 2502 1140 2547 permanebat
1166 2504 1230 2545 ita,

379 2609 448 2642 439
475 2607 545 2642 und
571 2609 650 2644 440.
682 2621 715 2644 a.
743 2609 788 2644 R.
814 2621 883 2645 von
903 2611 1083 2646 ‹Ierselben
1109 2610 1237 2652 Haml,
1265 2611 1349 2645 aber
1365 2611 1430 2645 mit
1455 2611 1589 2645 blasser
1615 2610 1718 2645 Time
1745 2609 1784 2645 T.

240 2686 280 2690 ——
308 2667 389 2702 4523.
424 2679 490 2702 aas
515 2669 628 2712 patris
654 2670 719 2704 wie
744 2681 779 2704 es
810 2670 945 2705 schebet
981 2681 1068 2705 corr.
1099 2669 1137 2703 Τ.
1168 2690 1208 2694 -
1238 2670 1315 2704 156.
1341 2681 1404 2705 vor
1429 2670 1570 2714 insuper
1595 2670 1654 2705 ein
1685 2669 1786 2704 l‘Vort

237 2727 355 2761 rmlirt
383 2727 414 2760 T
414 2753 422 2762 .

380 2860 414 2901 1)
440 2857 594 2901 Liudgcr
622 2857 736 2892 wurde
763 2869 839 2892 zuin
860 2858 991 2892 Diacon
1018 2859 1186 2902 geweiht,
1218 2859 1322 2894 Levit
1349 2859 1433 2894 wird
1459 2870 1495 2894 cr
1521 2859 1596 2894 hier
1621 2861 1783 2903 genannt

237 2917 302 2951 wie
327 2917 415 2951 auch
443 2917 518 2951 vita
543 2918 571 2952 I.
598 2928 624 2951 c.
655 2920 708 2952 11.
738 2938 778 2941 —
805 2919 841 2962 2)
868 2918 953 2953 Vita
978 2919 1024 2953 II.
1053 2929 1080 2953 e.
1108 2920 1140 2954 ἴ).
