1801 3213
212 129 299 171 214
597 127 696 170 Vita
726 126 877 182 rythm.
910 138 942 168 S.
975 124 1172 180 Liudgeri
1202 124 1273 168 let.
1306 123 1381 166 III.

211 235 310 289 455,
345 246 400 281 11.
429 245 577 280 Ducta
603 246 674 279 est
699 243 867 278 femina
893 241 1082 288 quedam
1108 241 1158 276 de
1185 241 1423 276 Saxonia¹
1450 267 1459 276 .
1486 267 1493 274 .
1523 267 1529 274 .
1557 267 1566 274 .

261 307 361 348 462,
425 325 469 330 -
495 303 650 339 rediit
674 301 727 337 ad
753 312 834 337 sua
860 301 953 336 claro
980 301 1058 335 visu
1083 311 1157 336 usa.

330 376 387 411 12.
424 375 475 410 111
500 385 614 420 pago
640 373 871 408 Borohtra
895 370 1166 406 Volebaldus
1203 359 1400 415 indigena

462 433 651 468 -filium
677 431 874 467 habeba&
900 457 908 465 .
935 457 943 464 .
971 457 978 465 .

922 509 966 514 —
992 491 1096 524 erant
1121 490 1357 529 ostentantes,

424 551 525 595 Quod
549 550 712 586 nullum
739 549 863 584 oculi
888 548 1114 583 habuissent
1138 549 1238 593 pueri

493 610 637 654 signum
663 608 888 644 cecitatis
913 608 969 642 vel
995 607 1231 642 infirmitatis.

210 672 311 714 495.
346 682 401 719 13,
425 670 577 712 Eodem
608 671 787 723 tempore
818 677 1111 723 Egilwaldus
1136 677 1338 712 nomine3
1366 705 1372 712 .
1401 703 1409 712 .
1437 703 1445 712 .

354 759 398 765 —-
422 739 498 774 Iste
523 738 574 773 de
599 739 720 784 aliquo
746 739 845 773 loco
871 737 943 772 fuit
967 737 1157 772 Amaloh

262 801 362 842 500,
495 797 540 833 ad
566 797 783 841 Liudgerum
810 796 995 838 ductus,
1022 796 1074 831 ibi
1104 797 1223 831 salvus
1250 796 1376 831 factus.

307 859 362 893 14.
401 857 650 892 Ricbertus
676 857 845 901 insuper⁴
875 883 883 891 .
913 885 920 892 .
948 883 955 891 .
983 882 991 891 .

851 935 894 940 -
921 918 959 950 et
984 914 1039 950 ad
1065 926 1127 949 sua
1153 914 1290 949 redit.

212 978 310 1021 505,
346 976 401 1012 15.
427 975 617 1018 Quidam
643 975 691 1010 de
718 974 873 1009 Frisia
898 975 1084 1009 iuvenis
1110 974 1262 1015 insania,

494 1034 652 1070 Osbert
677 1046 699 1068 n
715 1034 927 1075 ominatus,
957 1033 1029 1068 fuit
1054 1033 1262 1077 fatigatus⁵
1265 1059 1418 1074 .....

259 1096 358 1139 530,
421 1114 465 1119 -
491 1105 608 1129 seeum
635 1095 696 1139 qui
722 1095 907 1134 venerunt,
939 1093 1049 1128 etiam
1076 1092 1270 1127 redierunt.

332 1154 389 1190 16.
425 1153 581 1188 Eidem
609 1153 714 1188 affuit
740 1152 942 1193 Osbert0‚
970 1153 1030 1198 qui
1056 1151 1181 1192 furuit,

496 1213 629 1247 femina
655 1212 838 1246 vicina⁶
864 1238 871 1246 .
900 1240 906 1246 .
936 1238 979 1246 ..

213 1274 312 1316 541,
357 1291 401 1296 -
427 1272 476 1307 Et
501 1271 683 1306 laudans
708 1271 968 1310 Dominum,
996 1270 1076 1315 qui
1102 1281 1178 1315 per
1204 1281 1305 1305 suum
1331 1269 1503 1305 famulum

495 1332 585 1366 tam
611 1331 695 1372 cito,
722 1332 798 1365 tam
823 1329 913 1365 bene
938 1329 1026 1365 fecit
1051 1341 1086 1365 se
1113 1329 1241 1364 valere.

332 1391 387 1426 17.
425 1390 638 1426 Colonus
665 1390 796 1435 aliquis
822 1389 1052 1424 venerandi
1078 1389 1262 1424 comitis

496 1449 736 1485 Cobbonis
761 1448 936 1484 habebat
962 1450 1114 1483 natum⁷
1142 1475 1293 1483 .....

426 1529 471 1534 -
497 1509 651 1554 amplius
675 1508 715 1543 in
740 1509 808 1543 tali
834 1520 871 1543 re
898 1508 951 1543 nil
967 1508 1099 1553 ‘passus
1124 1508 1220 1542 mali.

336 1569 391 1603 18.
430 1568 486 1602 In
511 1568 769 1613 Ripuariis,
795 1567 857 1602 ubi
884 1567 998 1602 silva
1024 1567 1154 1612 incipit

264 1660 363 1702 570,
497 1657 718 1698 Hemerithe,
746 1658 801 1692 est
826 1657 922 1691 loeus
960 1634 1103 1691 Bssdeke
1130 1657 1301 1691 vocatus8
1327 1684 1333 1691 .
1363 1683 1371 1691 .
1436 1683 1443 1690 .

265 1719 365 1760 586,
429 1736 474 1741 -·
499 1715 684 1751 brachium
709 1716 782 1750 iam
807 1716 938 1751 bonum
957 1715 1091 1750 habens
1117 1715 1241 1750 redit
1267 1715 1420 1751 domum.

336 1777 390 1811 19.
428 1775 588 1810 Puella
613 1776 736 1817 etiam,
762 1775 915 1819 languor
939 1775 1244 1819 paraliticam

498 1845 625 1880 quam
651 1834 841 1880 productus
868 1834 1001 1869 fecit⁹
1028 1862 1035 1868 .
1063 1862 1070 1870 .
1100 1861 1108 1869 .
1136 1861 1144 1870 .

358 1913 402 1918 —
426 1893 500 1929 Nec
525 1894 597 1928 iam
624 1894 799 1935 vehiculo,
826 1893 886 1928 sed
911 1893 1040 1938 pedum
1066 1893 1193 1934 officio,

497 1965 611 1999 neque
637 1954 709 1988 iam
735 1953 894 1991 iacendo.
921 1954 1012 1988 satis
1037 1952 1097 1988 sed
1124 1953 1305 1988 currendo.

217 2015 315 2058 605,
349 2015 405 2050 20.
431 2013 519 2049 Con
532 2014 654 2057 tigit
679 2013 894 2054 cuidam,
932 2013 993 2058 qui
1019 2012 1113 2058 apud
1140 2013 1375 2047 Saxoniam

498 2074 680 2108 manserat
707 2074 752 2107 in
777 2073 894 2114 Ioco,
920 2072 964 2107 W
976 2084 994 2107 e
1007 2073 1107 2107 rina
1133 2074 1268 2114 vocato,

428 2132 489 2167 Ut
515 2131 677 2167 surdus
704 2131 893 2167 fieret¹⁰
903 2159 1052 2174 .....

267 2193 366 2237 620,
430 2211 474 2217 —-
499 2191 664 2227 rediit
690 2191 778 2226 dans
803 2191 885 2227 Deo
912 2191 1053 2227 laudem
1081 2202 1143 2237 pro
1169 2190 1359 2235 Liudgero.

363 2309 443 2344 544.
470 2320 563 2345 corr.
593 2321 661 2345 aus
686 2309 840 2346 Cobonis
868 2310 907 2345 T.
932 2330 975 2335 —-
1011 2310 1090 2345 570.
1116 2321 1206 2346 corr.
1233 2311 1274 2345 in
1299 2308 1482 2344 hemerthe
1511 2308 1558 2354 13·
1584 2308 1781 2344 Hemertho

217 2370 323 2413 Boll5
348 2368 513 2404 Buedeke
541 2369 636 2405 Bon.

362 2511 397 2556 1)
423 2510 512 2546 Vita
536 2511 607 2545 III.
633 2510 696 2546 lib.
723 2510 772 2545 11.
799 2521 826 2545 e.
856 2512 921 2552 11;
949 2511 1025 2545 vita
1050 2511 1080 2546 Ι.
1107 2510 1178 2544 und
1204 2510 1252 2545 II.
1279 2510 1342 2547 lib.
1369 2510 1418 2544 II.
1446 2520 1473 2544 c.
1501 2511 1532 2545 9.
1560 2525 1600 2534 ⁴
1629 2510 1664 2554 2)
1690 2509 1778 2545 Vita

218 2570 248 2606 Ι.
273 2569 347 2605 und
371 2570 441 2604 ΙΠ.
469 2581 496 2604 c.
523 2571 578 2605 12.
606 2589 649 2593 —-
676 2570 712 2614 3)
739 2570 826 2604 Vita
852 2570 920 2604 III.
948 2580 975 2604 c,
1004 2571 1064 2611 13;
1105 2570 1182 2604 vita
1207 2569 1234 2604 Ι.
1263 2579 1291 2605 ο,
1318 2570 1374 2604 16.
1403 2589 1446 2594 -
1479 2569 1516 2613 4)
1542 2568 1630 2603 Vita
1654 2568 1724 2604 III.
1749 2579 1777 2604 c.

220 2630 282 2670 14;
310 2629 388 2664 vita
412 2629 440 2664 Ι.
467 2640 494 2664 c.
523 2629 578 2664 17.
599 2649 642 2654 -
669 2629 705 2674 5)
731 2629 819 2663 Vita
844 2629 913 2663 III.
941 2639 968 2663 c.
997 2629 1058 2670 15;
1085 2629 1162 2663 vita
1188 2628 1215 2663 Ι.
1241 2627 1315 2662 und
1339 2628 1388 2663 11.
1417 2638 1444 2662 c.
1472 2629 1526 2663 10.
1555 2648 1597 2652 —
1626 2627 1661 2672 6)
1690 2627 1779 2662 Vita

218 2688 288 2723 111.
315 2699 342 2723 c.
369 2689 436 2730 163
467 2689 546 2723 vita
570 2688 600 2723 Ι.
637 2687 710 2722 und
748 2688 797 2722 II.
833 2698 860 2722 c.
889 2689 943 2722 11.
979 2707 1022 2713 -
1063 2688 1095 2733 7)
1131 2687 1218 2722 Vita
1249 2687 1317 2722 111.
1345 2697 1372 2722 c.
1400 2687 1464 2728 173
1503 2686 1580 2721 vita
1604 2686 1633 2721 Ι.
1659 2697 1686 2721 c.
1713 2687 1781 2728 223

220 2748 297 2782 vita
322 2747 371 2782 Π.
398 2757 426 2781 c.
453 2748 508 2782 17.
545 2767 587 2771 —
628 2747 662 2792 8)
689 2747 776 2781 Vita
814 2747 881 2782 ΠΙ.
921 2757 948 2781 c.
977 2747 1037 2788 183
1072 2748 1149 2781 vita
1186 2747 1215 2781 Ι.
1251 2757 1277 2781 e.
1306 2747 1369 2787 21;
1406 2746 1483 2780 vita
1521 2745 1569 2780 ΙΙ.
1596 2756 1623 2780 c.
1650 2745 1705 2780 16.
1733 2765 1778 2770 —

220 2807 256 2850 9)
282 2806 370 2841 Vita
394 2805 464 2841 III.
492 2817 519 2841 c.
549 2807 612 2848 193
650 2806 728 2840 vita
753 2806 781 2840 Ι.
809 2817 836 2841 c.
865 2808 927 2847 12;
968 2806 1045 2840 vita
1070 2806 1119 2841 ΙΙ.
1146 2816 1174 2841 c.
1202 2807 1255 2841 13.
1287 2825 1328 2830 ——
1367 2806 1425 2849 10)
1452 2805 1538 2840 Vita
1564 2804 1632 2839 III.
1660 2814 1688 2840 c.
1714 2805 1780 2846 20;

219 2864 297 2899 vita
322 2865 349 2899 Ι.
381 2875 408 2901 e.
436 2865 492 2900 14.
