1801 3213
442 166 539 208 Vita
570 166 718 220 rythm.
750 178 781 209 S.
807 164 1002 218 Liudgeri
1032 163 1102 205 let.
1136 163 1189 204 ll.
1506 161 1590 203 199

97 285 194 327 850.
257 294 355 328 Escis
398 283 438 324 et
469 283 642 336 potibus,
677 282 782 324 sicut
814 281 927 322 dedit
957 280 1167 331 Dominus,

324 352 381 387 uti
405 362 475 386 non
501 351 666 386 desuevit
691 352 898 396 graciasque
925 351 1011 395 egit,

255 423 306 458 Ut
331 425 368 458 et
393 422 610 457 comederet
635 433 788 463 carnes,
820 411 958 453 Vinum
991 411 1168 460 biberet3

325 492 553 527 numquam
580 484 725 516 tamen
753 483 864 516 visus
891 484 1005 517 satur
1032 480 1340 517 velaud1tus1.

254 552 337 588 Sed
363 555 409 588 et
435 563 519 587 con
534 552 668 587 vivia
698 552 958 587 exhibebat
994 541 1170 595 plurima

93 602 191 644 860.
324 613 468 657 propter
495 613 533 646 et
557 611 747 656 pascendos
772 614 914 656 propter
939 614 975 646 et
1001 610 1183 652 docendos,

254 683 348 726 Quos
373 694 452 718 eum
477 682 656 717 industria
681 673 770 724 post
801 671 980 713 ciborum
1014 671 1168 714 fercula
1186 673 1202 696 2

324 741 411 777 feeit
435 742 635 776 auscultare
661 741 704 775 de
730 741 852 776 celesti
881 752 982 786 pane.

253 801 407 849 Vocavit
432 801 525 835 divi
537 803 624 841 tes,
651 800 791 834 vocavit
820 802 864 834 et
889 811 1079 844 paupere
1091 812 1106 834 s

323 871 384 906 pro
410 871 453 895 re
465 860 640 894 sectione
667 860 731 894 hac
757 860 969 900 intencione,

93 909 190 952 865.
251 919 346 962 Quos
371 918 625 964 temporalibus
652 921 689 953 et
715 919 846 953 eternis
873 917 1021 962 dapibus

323 979 435 1024 pavit,
462 981 568 1023 prout
594 978 741 1023 quisque
773 977 964 1012 videbatur
989 988 1100 1022 posse.

255 1038 307 1073 Su
317 1049 352 1072 m
362 1038 429 1072 mis
455 1049 473 1073 e
483 1040 500 1072 t
526 1037 658 1072 infimis
684 1048 718 1071 m
729 1048 747 1072 e
758 1036 779 1071 d
790 1037 802 1071 i
815 1048 873 1071 um
900 1048 936 1071 se
965 1037 1120 1077 miscuit,

323 1097 388 1131 hos
412 1097 437 1131 h
447 1108 509 1132 um
519 1097 552 1131 il
563 1096 680 1136 iando,
708 1097 810 1130 istos
836 1095 1048 1130 consolando
1062 1095 1086 1136 ³,

253 1156 302 1191 Et
326 1157 368 1190 ut
393 1156 627 1201 apostolus
652 1155 742 1190 dicit
754 1157 778 1195 ⁴,
813 1155 874 1190 sic
900 1167 941 1190 se
967 1155 1168 1189 omnibus
1181 1155 1195 1173 ⁵

94 1205 192 1247 870.
327 1215 409 1250 istis
436 1214 754 1256 conformabat,
780 1215 862 1249 istis
888 1214 1161 1259 coaptabat&

253 1274 285 1309 U
297 1277 315 1309 t
340 1277 379 1309 et
403 1274 578 1309 divitibus
604 1274 709 1309 simul
736 1277 773 1308 et
798 1274 1010 1319 pauperibus

323 1335 410 1370 talis
436 1344 572 1379 semper
598 1337 700 1370 esset.
728 1334 866 1369 cunctis
893 1333 953 1378 qui
978 1344 999 1377 p
1010 1344 1052 1367 ro
1064 1332 1085 1366 d
1096 1343 1113 1367 e
1124 1344 1139 1367 s
1150 1344 1165 1367 s
1179 1335 1215 1367 et
1228 1333 1250 1367 ⁷.

252 1392 426 1438 Quicquid
454 1396 491 1428 et
517 1393 646 1428 habuit
672 1404 870 1428 censuum
897 1392 1176 1434 distribuit,

322 1452 379 1486 his
405 1455 443 1487 et
468 1453 525 1487 his
551 1455 594 1487 ut
618 1463 692 1487 esse
720 1452 834 1486 visum
860 1454 915 1486 est
939 1463 1090 1493 necesse,

93 1501 191 1542 875·
254 1511 322 1546 Dei
348 1514 385 1546 et
410 1523 480 1546 non
507 1523 570 1546 sua
595 1510 794 1546 confitendo
821 1512 938 1545 omnia

324 1573 431 1616 atque
457 1572 530 1606 suis
556 1570 672 1605 danda
698 1573 735 1605 et
759 1572 809 1605 sic
835 1570 1081 1615 dispergenda.

159 1630 214 1664 20.
253 1629 449 1675 Cumque
475 1641 535 1664 om
547 1631 740 1675 nipoten
752 1642 767 1664 s
793 1630 933 1665 fidelem
958 1630 1147 1674 respiciens

325 1689 434 1724 vellet
459 1689 529 1724 iam
556 1690 711 1734 preclare
737 1690 829 1724 hunc
854 1700 1087 1729 remunerare,

252 1747 349 1782 Jam
375 1749 503 1794 aliqu
517 1749 697 1783 antulum
722 1752 883 1793 tempus
910 1752 1018 1783 ante
1045 1748 1221 1783 obitum

92 1796 190 1838 880·
322 1807 482 1842 sacerdos
507 1808 633 1842 beatus
660 1808 731 1843 fuit
756 1809 800 1842 in
812 1809 829 1842 f
836 1809 847 1842 i
857 1821 873 1843 r
884 1811 1011 1843 matus.

252 1877 327 1913 Hoc
351 1880 473 1913 tamen
498 1881 723 1923 tempore8
753 1881 831 1911 non
862 1854 1042 1923 neglexit
1073 1880 1239 1922 pergere

323 1951 395 1992 per
425 1938 697 1992 episcopatum
730 1939 808 1981 sibi
843 1939 1169 1981 commendatum

252 2008 307 2050 Et
337 2009 415 2051 Dei
446 2010 593 2052 nuncia
626 2010 748 2052 etiam
780 2011 822 2051 in
854 2010 998 2051 ultima

324 2079 407 2120 iam
439 2080 679 2123 infirmitate
710 2081 815 2123 ferre
846 2080 1178 2135 circumquaque3

92 2150 190 2191 885.
253 2149 360 2192 Nam
392 2151 522 2193 virtus
552 2151 719 2193 Domini
750 2152 877 2194 Jhesu
916 2151 1067 2194 Christi
1098 2151 1251 2194 homini

324 2220 457 2263 inerat
487 2222 656 2272 victuro,
689 2223 873 2276 quamvis
905 2223 1109 2266 morituro.

254 2290 404 2334 Omnes
434 2294 532 2334 tunc
563 2293 722 2334 monuit
753 2294 900 2343 tenere,
934 2306 1008 2346 que
1041 2292 1188 2344 docuit,

324 2363 517 2405 adherere
549 2363 710 2406 Christo
742 2366 782 2405 et
813 2364 1124 2415 christianismo,

187 2514 267 2550 856.
301 2525 390 2550 corr.
418 2526 486 2550 aus
519 2503 677 2550 disueuit
704 2516 742 2550 T.
783 2537 825 2541 —
865 2517 944 2552 870.
971 2517 1039 2551 das
1063 2520 1153 2551 ers-te
1179 2515 1261 2550 Mal
1286 2515 1348 2550 isti
1378 2515 1418 2551 T.
1446 2535 1487 2539 —
1513 2516 1593 2551 883.

41 2570 90 2607 Et
116 2583 204 2608 corr.
234 2573 274 2608 T.
302 2593 345 2599 —
372 2574 450 2609 887.
477 2585 566 2610 corr.
593 2586 661 2609 aus
687 2586 773 2619 quos
801 2575 840 2610 T.

186 2764 220 2806 1)
246 2762 333 2798 Vita
359 2763 427 2799 ΙΙΙ.
453 2763 478 2798 l.
504 2774 530 2798 c.
560 2783 603 2788 —·
631 2763 666 2806 2)
692 2763 774 2807 vgl.
802 2763 962 2807 dagegcn
990 2763 1066 2797 vita
1092 2763 1138 2798 ΙΙ.
1166 2762 1189 2797 l.
1216 2774 1243 2798 o.
1276 2783 1319 2788 —-
1351 2764 1388 2805 3)
1414 2762 1501 2797 Vita
1525 2762 1594 2798 ΙΙΙ.

42 2820 66 2855 1.
93 2831 119 2856 c.
161 2841 203 2845 —
241 2823 278 2867 4)
306 2823 336 2857 1.
362 2821 441 2857 Cor.
469 2823 500 2864 9,
529 2823 572 2857 19
590 2822 625 2856 ff.
666 2841 708 2846 —
748 2823 782 2867 5)
809 2822 896 2856 Vita
922 2822 950 2856 1.
978 2822 1000 2855 l.
1027 2832 1055 2856 c.
1095 2842 1138 2847 —
1177 2824 1212 2868 6)
1237 2822 1325 2856 Vita
1350 2821 1417 2856 ΙΙΙ.
1444 2822 1469 2856 l.
1495 2832 1521 2855 c.
1550 2840 1594 2845 ——

45 2879 79 2923 7)
104 2879 191 2915 Vita
217 2880 266 2916 ΙΙ.
291 2881 315 2916 l.
344 2892 371 2916 c.
400 2901 442 2905 ——
469 2882 504 2926 8)
531 2881 617 2915 Vita
643 2881 711 2917 111.
739 2892 765 2915 c.
791 2882 855 2922 43;
883 2893 914 2915 v.
942 2881 970 2916 Ι.
997 2892 1023 2915 c.
1051 2883 1106 2915 231.
