1864 3213
527 189 625 231 Vita
658 201 734 230 sec.
768 201 799 230 s.
831 187 1028 243 Liudgeri
1058 187 1131 230 lib.
1163 187 1196 228 Ι.
1586 187 1640 229 69

77 320 252 366 placarea‚
279 319 444 354 mittens
471 317 558 353 sibib
594 318 727 363 quasi
788 306 1023 361 eulogium⁰
1083 326 1156 351 vas
1182 317 1381 351 testeum
1416 304 1640 360 pergrande

78 390 197 426 melle
222 378 403 433 optimod
443 389 599 433 plenum.
626 388 726 431 Quod
751 388 916 423 dumille
947 398 1140 433 agnoscens
1166 388 1400 432 suscipere
1425 389 1605 422 recusaret
1615 394 1640 429 Θ,

79 463 269 497 iuvenes
296 459 502 505 quidamf
524 470 541 494 e
556 471 577 493 x
603 459 853 504 discipulis
882 459 977 494 eius
1003 457 1127 494 illud
1161 456 1445 503 cupientesg,
1492 447 1642 501 promi-

79 521 220 564 serunt
249 533 291 562 se
322 519 505 574 episcopo
543 531 800 572 perSUaSUrOS
812 552 821 570 ‚
855 541 895 564 ac
913 529 955 564 de
974 540 1081 564 manu
1099 529 1308 564 nunciorum
1334 530 1418 564 mel
1453 539 1641 579 suscepef

79 601 220 638 runth.
268 591 359 633 Non
391 590 588 632 habentes
636 591 773 632 autem
806 590 886 632 alio
918 590 960 631 in
991 591 1078 632 loco
1109 590 1215 631 illud
1247 590 1503 641 abscondere,
1538 589 1643 643 epis-

78 676 175 716 copo
206 662 288 704 iam
320 662 372 704 ad
404 661 717 704 celebrationem
750 662 897 703 missae
937 673 1181 715 processuro,
1215 661 1288 703 sub
1321 672 1467 707 altari
1504 661 1642 716 ligneo

77 733 256 788 undique
277 732 584 775 linteaminibus
606 732 903 775 circumductoi
924 745 1190 787 posuerunt.
1215 743 1295 778 Mox
1315 745 1437 778 autem
1457 745 1499 778 ut
1525 752 1642 777 coram

61 816 221 850 'altari
242 804 462 846 inclinatus
478 814 575 849 labia
594 816 757 849 oraturus
776 814 959 859 aperuit.
983 815 1169 859 repentino
1195 804 1235 846 ess
1257 803 1487 845 vehementi
1504 814 1642 859 crepitu

79 897 153 921 vas
171 897 205 920 m
219 897 237 921 e
248 886 313 920 llis
339 874 412 916 SUb
430 885 538 920 altari
561 886 721 920 insonuit
742 897 781 920 ac
807 886 862 920 mi
873 888 980 920 nuta
991 888 1007 921 t
1018 887 1030 920 i
1040 896 1074 920 111
1084 885 1103 910 k
1116 884 1336 920 confractum
1357 887 1422 919 est.
1437 884 1565 920 Colle
1576 894 1643 929 ge-

79 957 184 992 runtl
215 967 298 1000 ergo
310 965 336 982 m
362 946 489 999 scopis
527 957 597 992 mel
635 959 704 1000 per
735 946 1013 999 pavimentum
1035 946 1163 987 fluens
1187 958 1224 990 et
1256 958 1347 986 cum
1359 946 1498 987 testeis
1529 946 1643 1000 frag-

79 1017 289 1060 minibusn
327 1027 450 1062 foras
510 1027 748 1072 proicientes
813 1017 981 1079 missam
1029 1016 1173 1058 deinde
1220 1016 1491 1058 celebrabant.
1547 1027 1643 1062 Non

78 1088 289 1122 cessavit
315 1089 465 1122 autem
492 1086 546 1121 vir
578 1089 762 1127 sanctus0‚
790 1085 898 1121 donec
939 1086 1067 1120 illam
1091 1087 1318 1121 inlicitam
1358 1087 1563 1130 coniugii
1588 1097 1644 1121 co-

78 1159 225 1204 pulamp
253 1157 485 1198 discinderet,
514 1158 658 1202 insuper
684 1159 728 1192 et
754 1157 895 1192 sceleris
921 1159 1180 1202 patratorem
1228 1147 1340 1188 velut
1386 1146 1644 1201 incorrigibi-

79 1219 161 1260 lem
205 1229 246 1264 de
272 1229 430 1273 patria
457 1229 663 1263 exturbaret
678 1230 700 1263 ¹.

222 1290 291 1331 25.
324 1289 527 1331 Ferebant
558 1290 723 1331 autemq
770 1289 1021 1332 veracissimi
1067 1289 1143 1331 viri
1192 1289 1241 1331 de
1288 1288 1499 1342 discipulis
1540 1289 1638 1341 eius,

79 1360 210 1414 quodr
241 1360 413 1414 quodam
446 1361 637 1413 tempore,
671 1361 767 1402 dum
809 1361 862 1402 ad
905 1361 1179 1403 comitatum2
1224 1373 1397 1414 pergens
1449 1373 1519 1414 per
1550 1373 1640 1414 pro-

80 1431 316 1482 vincialeSS‚
349 1432 418 1485 qui
451 1431 572 1473 Hassi
604 1431 794 1474 dicuntur
811 1432 839 1483 3,
887 1432 965 1474 iter
1012 1432 1165 1486 ageret,
1211 1444 1283 1485 per
1328 1431 1527 1473 orationes
1559 1432 1644 1474 eius

80 1503 198 1545 homo
230 1502 436 1553 revixerit,
471 1503 539 1556 qui
581 1502 738 1544 scilicet
778 1504 942 1556 propter
983 1504 1166 1545 fui·tum¹³
1207 1501 1456 1544 caballorum
1498 1502 1644 1544 widu-

79 1573 225 1616 kindiu
256 1574 458 1616 Saxonum
491 1574 604 1615 ducis
618 1583 634 1600 V
657 1574 750 1616 huic
774 1574 897 1616 morti
920 1573 1177 1616 adiudicatus
1201 1573 1255 1615 sit
1267 1583 1303 1625 W,
1336 1574 1382 1615 ut
1404 1574 1446 1614 111
1480 1583 1644 1627 campo¹

78 1645 133 1687 ad
164 1645 346 1698 stipitem
378 1644 532 1699 ligatus
564 1644 730 1686 iactatis
777 1644 820 1685 in
868 1657 959 1686 eum
1002 1644 1170 1686 sudibus
1202 1645 1333 1686 acutis
1366 1645 1406 1686 et
1438 1644 1644 1698 lapidibus

224 1735 240 1753 a
257 1738 283 1761 3.
302 1738 334 1771 p.
354 1738 382 1762 e.
401 1727 449 1762 D.
467 1727 532 1762 Br.
560 1746 603 1751 --
629 1727 645 1752 b
670 1728 698 1771 f.
725 1727 804 1770 Bm
842 1728 910 1771 ipsi
935 1727 998 1770 D‚·
1022 1727 1079 1761 illi
1105 1727 1156 1761 H.
1185 1746 1228 1751 -
1263 1735 1277 1753 θ
1311 1722 1489 1770 aelogiuni
1532 1728 1644 1763 mehr-

79 1788 172 1822 mals
196 1787 251 1830 Β,-
276 1787 377 1833 qua-si
402 1796 462 1830 pro
488 1785 735 1821 benedictione
760 1787 807 1821 R.
836 1786 872 1822 G.
898 1787 945 1821 F.
964 1786 1002 1821 J.
1028 1785 1077 1820 K.
1104 1785 1159 1821 M.
1186 1786 1236 1821 N.
1266 1786 1306 1821 Τ.
1337 1805 1382 1811 —-
1408 1786 1425 1812 <1
1449 1787 1478 1830 f.
1504 1787 1570 1821 Br.
1599 1807 1643 1811 --

80 1854 96 1873 e
121 1847 328 1881 mittentem
354 1847 533 1889 sperneret
559 1856 597 1880 ac
624 1857 711 1880 susc.
739 1844 996 1890 dedignaretur
1021 1846 1068 1880 D.
1096 1846 1162 1880 Br.
1199 1866 1244 1870 —
1280 1846 1294 1871 f
1326 1845 1505 1880 iuvenculi
1532 1845 1644 1891 aliqui

79 1906 129 1941 D.
155 1906 220 1941 Br.
249 1925 291 1929 -
318 1913 336 1938 g
361 1903 603 1939 desiderantes
628 1906 678 1940 D.
705 1905 770 1940 Br.
800 1925 842 1929 —-
868 1905 887 1931 h
905 1915 1032 1938 munus
1059 1904 1165 1948 (corr.
1196 1906 1238 1939 in
1262 1905 1332 1939 mel
1349 1904 1408 1949 H)
1435 1908 1645 1949 acceperunt

80 1966 145 2001 ΒΥ.
175 1985 219 1989 -
244 1965 254 1990 i
279 1964 360 1999 lint.
386 1963 529 1998 obtecto
554 1964 615 2007 D;
641 1965 723 1999 lint.
744 1964 924 1999 obtectum
950 1964 1022 2005 Br;
1049 1963 1176 1998 subtus
1195 1964 1310 1998 altare
1328 1964 1478 1998 lintheis
1504 1964 1644 2007 (linteis

82 2024 120 2060 C.
145 2024 183 2060 J.
209 2023 274 2069 K.)
300 2023 459 2068 undique
485 2026 688 2069 coopertum
706 2024 753 2059 R.
775 2023 812 2058 C.
831 2024 876 2058 F.
895 2023 932 2059 J.
950 2022 1000 2057 K.
1019 2023 1074 2057 M.
1094 2023 1144 2058 N.
1168 2023 1207 2057 T.
1228 2042 1272 2047 —-
1289 2023 1308 2048 k
1324 2024 1494 2058 minutim
1513 2024 1561 2058 A.
1586 2024 1645 2068 D;

80 2094 121 2118 ac
148 2084 177 2118 si
202 2094 264 2128 pro
298 2083 460 2117 oratione
485 2082 640 2127 lapidem
659 2083 696 2117 in
723 2082 813 2117 illud
838 2083 982 2117 iecisset
1006 2083 1053 2118 R.
1080 2082 1116 2118 C.
1143 2083 1188 2117 F.
1216 2083 1252 2118 J.
1290 2082 1339 2117 K.
1366 2082 1420 2118 M.
1447 2082 1499 2117 N.
1528 2083 1568 2117 T.
1597 2102 1641 2108 —

79 2132 91 2157 l
116 2142 336 2187 colligebant
360 2143 425 2177 Βν.
446 2162 487 2166 -
515 2147 539 2167 ¹11
565 2143 591 2186 f.
610 2143 676 2177 Br.
697 2162 741 2167 —-
766 2150 784 2168 11
802 2153 830 2176 c.
849 2144 876 2177 t.
892 2142 934 2177 fr.
957 2143 984 2185 f.
1010 2142 1066 2183 A3
1085 2142 1354 2188 naehyetrayen
1369 2141 1423 2176 H.
1443 2162 1487 2166 ——
1512 2149 1528 2168 0
1554 2142 1644 2187 epis-

79 2205 186 2248 copus
212 2202 260 2236 D.
286 2202 351 2236 Br.
381 2220 424 2225 —
450 2208 467 2234 Ι)
492 2212 691 2245 perversam
718 2202 742 2236 i.
769 2203 857 2236 coni.
887 2212 959 2246 cop.
985 2201 1046 2245 D;
1070 2212 1104 2247 p.
1131 2201 1154 2236 i.
1181 2212 1255 2247 cop.
1295 2201 1345 2236 H.
1372 2202 1449 2244 Βνς
1486 2202 1645 2245 coniugii

81 2264 114 2296 α.
142 2261 188 2296 R.
215 2260 266 2295 H.
294 2280 338 2286 —
363 2268 382 2293 <1
406 2260 454 2295 A.
479 2261 517 2295 D
545 2272 571 2295 s.
589 2261 633 2295 h:
650 2262 697 2295 et.
718 2280 761 2285 —
778 2268 791 2287 r
809 2261 892 2306 quia
911 2262 958 2296 A.
979 2281 1022 2286 —-
1049 2269 1062 2287 S
1086 2261 1323 2306 provintiales
1343 2260 1380 2295 G.
1398 2260 1444 2294 F.
1463 2260 1500 2295 J.
1519 2260 1568 2295 K.
1587 2260 1641 2295 M.

83 2340 127 2344 —
145 2321 157 2346 t
173 2321 354 2365 nachyetr.
373 2319 423 2353 N.
443 2339 487 2344 —
505 2327 522 2345 ¹1
542 2318 822 2364 videkindiolV5
840 2319 1044 2355 uuidikindi
1062 2320 1117 2361 A3
1136 2319 1326 2355 widikindi
1344 2319 1395 2354 N.
1416 2319 1448 2354 Τ
1457 2334 1469 2363 ;
1486 2319 1641 2354 winduk.

81 2378 148 2422 M‚·
171 2378 312 2413 uuidek.
341 2378 426 2414 Sur.
454 2398 498 2403 —-
535 2386 552 2404 V
590 2377 622 2413 d.
650 2378 729 2413 Sax.
756 2378 801 2413 L.
834 2379 891 2413 W.
926 2398 971 2404 ——
1007 2387 1032 2404 W
1057 2389 1148 2414 corr.
1185 2380 1227 2414 in
1252 2380 1308 2414 est
1337 2378 1401 2423 H5
1427 2381 1483 2413 est
1507 2379 1554 2413 A.
1579 2379 1644 2423 D,-

78 2436 154 2472 fuit
187 2437 240 2472 W.
269 2457 312 2462 —
337 2445 356 2463 x
380 2437 404 2472 i.
431 2448 458 2472 c.
484 2437 511 2482 f.
537 2438 586 2472 D.

224 2532 259 2577 1)
285 2532 372 2566 Vita
397 2532 425 2567 Ι.
453 2543 480 2567 c.
507 2533 564 2568 28.

223 2592 259 2635 2)
285 2591 357 2626 Der
381 2592 573 2627 comitatus
608 2592 657 2627 ist
693 2591 795 2626 nicht
829 2593 923 2626 etwa
947 2591 1028 2625 eine
1060 2589 1266 2626 Grafschaft
1301 2590 1474 2635 Liudgers
1508 2591 1546 2626 in
1571 2591 1644 2627 und

82 2660 142 2684 um
170 2649 330 2694 Werden,
356 2647 505 2685 Soudern
531 2651 596 2685 wie
623 2650 713 2685 auch
739 2661 766 2684 c.
793 2651 849 2691 33,
888 2651 995 2684 sowie
1032 2649 1069 2683 in
1108 2648 1170 2684 der
1207 2651 1316 2684 etwas
1354 2652 1519 2694 spateren
1557 2650 1642 2686 Urk.

80 2707 144 2743 des
168 2710 436 2744 miinsterschen
463 2709 625 2744 Bischofs
651 2708 843 2744 Wolfhelm
870 2708 928 2743 fiir
968 2707 1120 2742 Werden
1147 2718 1214 2743 von
1238 2708 1307 2744 889
1332 2708 1408 2743 Juli
1434 2708 1643 2753 (Wilmans:

83 2767 290 2803 Kaiserurk.
317 2769 346 2804 I.
389 2769 472 2813 530)
515 2767 587 2802 und
630 2768 678 2802 im
722 2767 969 2803 werdenschen
1006 2767 1168 2810 Privileg
1209 2765 1573 2813 (Geschichtsquellen
1612 2768 1641 2803 Ι.

83 2826 152 2861 352
178 2826 215 2862 ff.
240 2825 313 2861 und
338 2827 464 2871 unten)
491 2826 553 2861 der
578 2827 652 2861 Hof
675 2826 735 2862 des
760 2827 911 2871 Kenigs,
938 2825 999 2861 das
1026 2825 1232 2870 koniglichc
1258 2825 1437 2871 Hoflager.

225 2886 261 2928 3)
287 2886 360 2921 Der
384 2897 497 2932 pagus
522 2886 837 2922 Hessi-Saxonicus
862 2886 925 2931 lag
958 2885 1022 2920 auf
1046 2885 1123 2920 dem
1157 2885 1279 2920 linken
1305 2884 1514 2926 Weserufer‚
1541 2883 1646 2920 nerd-

83 2943 156 2978 lich
183 2955 252 2979 von
277 2943 339 2980 der
363 2945 550 2990 Miindung
577 2945 638 2981 der
663 2945 790 2981 Fulda.

1689 1294 1749 1330 SS.
1775 1292 1824 1329 II.

1712 1342 1792 1377 419.
