1864 3213
244 122 299 163 14
645 119 821 162 Altfridi
852 119 937 161 vita
970 132 1001 161 s.
1035 118 1231 173 Liudgeri
1263 118 1334 161 lib.
1367 119 1399 161 I.

237 237 413 281 libenter
446 251 537 279 eum
569 237 746 291 suscepit
778 238 817 279 et
840 237 1044 290 comperta
1075 236 1302 291 sagacitate
1324 237 1438 290 pueri
1471 237 1649 279 studiose
1682 237 1803 280 illum

238 309 463 351 erudiebat.
498 307 635 350 Crevit
657 309 793 361 itaque
828 307 1086 361 Liudgerus²
1116 307 1327 361 proficiens
1359 307 1401 349 in
1433 308 1578 350 timore
1610 308 1801 350 Dominib

239 382 281 422 et
313 379 492 433 deposito
525 379 724 421 saeculari
770 379 915 420 habitu
956 378 997 419 in
1046 379 1257 421 Traiectoe
1305 379 1545 421 monasterio
1577 379 1709 421 toturn
1762 392 1804 421 se

238 451 414 494 contulit
444 451 496 492 ad
530 451 710 492 studium
759 451 861 492 artis
909 450 1120 504 spiritalis,
1173 450 1301 492 Erant
1347 452 1482 493 autern
1515 450 1558 492 in
1589 450 1664 492 illa
1695 450 1804 493 scola

240 521 428 576 Gregorii
460 523 500 563 et
530 521 604 563 alii
636 520 904 574 condiscipuli
951 521 1104 563 nobiles
1152 521 1193 562 et
1234 522 1465 575 prudentes,
1500 534 1520 563 e
1554 522 1700 575 quibus
1731 521 1804 563 alii

239 592 416 647 episcopi
447 593 585 646 postea
617 592 858 634 exstiterant
872 593 902 642 d,
949 592 1023 633 alii
1065 591 1108 633 in
1141 592 1364 635 minoribus
1396 592 1592 647 gradibus
1625 592 1804 635 doctores

239 664 549 706 ecclesiarum1.
613 664 725 716 Aput
755 676 852 717 quos
885 662 994 704 idem
1036 663 1293 717 Liudgeruse
1324 664 1367 705 in
1398 676 1549 718 magno
1579 663 1804 705 habebatur

239 737 401 786 affectu,
434 749 478 778 eo
510 735 616 789 quod
648 737 753 777 esset
786 735 849 778 vir
880 736 1007 777 mirae
1039 736 1378 787 mansuetudinis,
1412 735 1529 777 vultu
1557 735 1693 785 hilari,
1726 746 1805 776 non

239 809 379 849 tamen
405 806 548 858 ‚facilis
581 807 621 848 in
654 806 752 857 risu,
787 807 827 848 et
849 806 890 848 in
907 807 1094 849 omnibus
1116 807 1276 849 actibus
1298 806 1555 861 prudentiam
1578 819 1667 848 cum
1701 806 1806 847 tem-

239 877 427 932 perantia
457 877 719 930 amplectens.
783 877 883 919 Erat
928 878 1034 919 enirn
1083 878 1269 920 assiduus
1310 878 1552 920 meditatorf
1582 877 1804 930 scripturae

242 949 432 991 divina-eg
464 949 504 990 et
537 948 622 990 eius
654 948 856 1002 precipue,
901 962 1002 1002 quae
1034 949 1085 991 ad
1117 949 1279 991 laudem
1314 949 1391 991 Dei
1422 950 1462 991 et
1493 949 1544 990 ad
1578 948 1805 991 doctrinam

240 1019 472 1074 pertinebat
503 1019 758 1070 catholicam,
791 1032 862 1073 pro
894 1019 1039 1073 quibus
1072 1021 1112 1061 et
1124 1021 1141 1046 ¹¹
1173 1034 1195 1062 a
1225 1020 1448 1063 venerabili
1470 1020 1669 1075 magistro
1692 1019 1806 1073 quasi

241 1091 353 1133 filius
385 1092 549 1133 unicusi
583 1091 836 1146 diligebatur
854 1092 879 1134 2.

384 1241 400 1258 a
426 1233 535 1275 Lutg.
568 1232 633 1274 W;
659 1232 784 1276 Liutg.
811 1234 921 1268 Perta
948 1253 991 1257 —
1018 1233 1033 1258 b
1061 1232 1119 1267 dei
1160 1234 1214 1268 W.
1253 1254 1296 1258 —
1331 1242 1344 1260 0
1379 1234 1518 1268 Triecto
1551 1233 1607 1268 W.
1637 1252 1679 1258 ·-—
1706 1233 1723 1258 d
1749 1243 1805 1267 ex-

241 1292 418 1326 stiterunt
443 1292 538 1326 Bon.
570 1292 692 1326 Perta.
720 1312 763 1316 —
790 1300 804 1317 Θ
832 1292 939 1336 Lutg.
974 1293 1037 1334 ῙΓς
1073 1293 1197 1336 Liutg.
1234 1293 1354 1329 Perta.
1384 1312 1428 1317 ——
1453 1293 1468 1318 f
1489 1304 1579 1328 corr.
1605 1293 1646 1327 in
1671 1291 1805 1326 media-

241 1353 299 1385 tor
324 1351 378 1393 L;
404 1350 579 1385 mediator
613 1350 667 1385 W.
686 1350 722 1385 S.
751 1371 794 1375 —
821 1359 838 1384 g
863 1351 896 1385 d.
923 1362 986 1386 scr.
1012 1351 1069 1386 W.
1098 1371 1140 1376 —
1167 1352 1184 1377 h
1209 1353 1234 1396 f.
1263 1352 1320 1387 W.
1340 1373 1382 1377 —
1410 1353 1419 1378 i
1446 1352 1545 1387 velut
1571 1364 1630 1386 un.
1657 1351 1710 1386 sil.
1745 1351 1803 1386 W.

241 1552 381 1587 tatione
407 1551 531 1587 diebus
557 1552 690 1586 nostris
728 1552 896 1587 inchoata
934 1552 1127 1587 Fresonum
1167 1555 1203 1588 et
1231 1553 1418 1594 Saxonum,
1446 1553 1590 1598 quidam
1617 1555 1737 1588 autem
1763 1552 1804 1588 de

243 1612 435 1656 Baguariis
474 1614 511 1646 et
548 1612 684 1652 Suevis,
723 1612 779 1646 vel
806 1611 848 1646 de
887 1623 1104 1657 quacumque
1142 1612 1288 1647 natione
1336 1614 1373 1647 et
1409 1615 1518 1656 gente
1554 1613 1712 1647 misisset
1749 1623 1806 1647 eos

243 1672 350 1712 Deus,
378 1682 525 1716 quorum
551 1671 719 1706 minimus
746 1682 811 1715 ego
832 1671 1060 1716 [Liudgerus]
1089 1682 1177 1712 suni,
1204 1671 1361 1706 modicus
1388 1674 1425 1706 et
1442 1672 1604 1706 infirmus
1629 1672 1805 1706 alumnus.

242 1731 382 1774 Quibus
406 1731 570 1766 omnibus
608 1731 850 1775 undecumque
889 1730 991 1775 quasi
1030 1730 1073 1764 ad
1100 1742 1209 1765 unum
1236 1731 1329 1765 ovile
1355 1731 1512 1765 collectis
1537 1732 1616 1775 pius
1641 1733 1745 1776 pate-r
1769 1732 1807 1765 et

244 1793 366 1836 pastor
391 1789 583 1834 Gregorius
621 1793 658 1825 et
695 1790 877 1834 spiritalia
915 1789 1139 1824 nutrimenta
1165 1789 1406 1825 doctrinarum
1433 1793 1469 1825 et
1495 1790 1713 1835 eloquiorum
1738 1790 1807 1825 Dei

244 1852 282 1884 et
308 1850 502 1895 corporalia
528 1850 701 1884 alimenta
727 1849 848 1884 eadem
867 1849 1055 1884 devotione
1081 1849 1286 1894 procuravit
1311 1852 1348 1884 et
1367 1849 1526 1884 donavit.
1552 1849 1600 1884 Et
1626 1849 1679 1884 ita
1697 1850 1807 1894 inspi-

244 1912 345 1944 ratus
371 1920 391 1943 a
416 1909 490 1943 Deo
516 1909 647 1943 exarsit
673 1909 711 1943 in
738 1919 855 1943 amore
890 1910 927 1943 et
952 1908 1188 1943 institutione
1215 1908 1479 1953 discipulorum,
1506 1911 1547 1943 ut
1574 1909 1693 1943 nullus
1718 1919 1807 1953 pen-2

244 1969 457 2014 praeteriret
483 1968 568 2010 dies,
608 1979 676 2013 quo
701 1979 772 2002 non
797 1969 911 2012 primo
944 1979 1048 2002 inane
1076 1971 1222 2013 paterna
1248 1967 1493 2003 sollicitudine
1518 1968 1709 2002 consedens
1735 1968 1807 2003 sin·

244 2028 341 2072 gulis
367 2027 564 2072 quibusque
601 2027 841 2067 venientibus,
880 2029 985 2072 prout
1012 2027 1160 2072 quisque
1188 2027 1377 2072 quaesivit,
1414 2027 1578 2071 poculum
1605 2027 1702 2062 vitae
1726 2038 1806 2072 pro-

245 2087 389 2132 pinaret
415 2089 452 2121 et
476 2087 648 2131 irrigaret
684 2087 823 2132 eloquio
862 2087 941 2121 Dei.
969 2107 1011 2111 -α
1050 2087 1118 2121 Die
1143 2087 1193 2122 hl.
1222 2086 1357 2121 Schrift
1382 2087 1485 2121 hatte
1511 2085 1647 2130 Gregor
1673 2087 1807 2131 wenig-

245 2149 344 2181 stens
371 2146 568 2181 theilweise
595 2157 662 2180 von
701 2147 790 2181 Rom
827 2146 1082 2190 mitgebracht,
1121 2146 1237 2181 wohin
1277 2157 1314 2181 er
1339 2147 1461 2181 seinen
1494 2146 1636 2191 Lehrer,
1664 2145 1731 2181 den
1756 2147 1807 2181 hl.

246 2205 462 2246 Bonifatius,
490 2205 554 2240 auf
577 2205 701 2240 dessen
737 2205 868 2240 dritter
893 2206 997 2240 Reise
1023 2204 1200 2250 begleitet
1226 2206 1347 2240 hatte:
1373 2206 1475 2250 plura
1501 2206 1683 2240 volumina
1708 2216 1808 2240 sanc—

245 2267 365 2299 tarum
391 2265 646 2309 scripturarum
665 2265 842 2309 largiente
861 2265 1012 2300 Domino
1032 2265 1108 2299 illic
1127 2265 1286 2310 (Romae)
1305 2265 1498 2310 acquisivit
1524 2267 1561 2299 et
1579 2276 1697 2299 secum
1722 2265 1806 2300 inde

246 2324 291 2359 ad
316 2324 513 2369 profectum
538 2325 717 2369 proprium
743 2324 1065 2370 discipulorumque
1091 2335 1232 2359 suorum
1258 2335 1328 2359 non
1355 2323 1490 2358 modico
1517 2324 1637 2359 labore
1662 2324 1807 2361 advexit

247 2383 389 2418 domum
416 2383 605 2427 (Liudgers
632 2383 709 2418 vita
735 2383 898 2428 Gregorii
924 2394 951 2418 c.
981 2384 1048 2428 12).

391 2455 425 2499 1)
452 2455 536 2498 Vgl.
562 2454 737 2499 Liudgers
764 2456 842 2489 vita
869 2454 1033 2499 Gregorii
1060 2465 1086 2489 c.
1115 2455 1176 2489 16:
1203 2455 1363 2499 Ipsorum
1391 2466 1527 2500 quoque
1555 2455 1806 2500 discipulorum

247 2514 324 2548 eius
349 2514 495 2558 plurimi
521 2517 596 2548 tam
622 2515 760 2548 nobiles
791 2516 894 2549 erant
921 2516 1095 2559 tantoque
1122 2514 1279 2559 praediti
1305 2515 1450 2558 ingenio
1477 2517 1515 2549 et
1540 2514 1701 2549 doctrina
1726 2515 1805 2561 Dei,

248 2576 290 2608 ut
316 2573 360 2607 ad
386 2584 500 2607 arcem
540 2574 762 2618 episcopatus
800 2576 836 2608 et
873 2574 1002 2608 merito
1041 2576 1251 2608 vocarentur
1290 2576 1327 2608 et
1352 2574 1526 2614 venirent,
1552 2574 1699 2618 plurimi
1725 2585 1806 2609 vero

247 2644 367 2667 eorum
393 2633 593 2678 aequaliter
618 2632 734 2667 edocti
749 2635 786 2667 et
811 2633 1044 2677 disciplinati,
1063 2633 1133 2667 etsi
1158 2644 1227 2667 non
1247 2635 1350 2667 tanto
1369 2633 1481 2677 gradu
1500 2633 1686 2668 sublimati
1712 2636 1807 2676 sunt,

248 2693 388 2727 meritis
414 2694 536 2726 tamen
561 2703 632 2726 non
659 2694 762 2727 erant
788 2692 920 2736 exigui,
948 2691 1009 2726 sed
1035 2693 1185 2727 scientia
1211 2695 1248 2727 et
1274 2693 1452 2727 charitate
1477 2693 1545 2727 Dei
1571 2693 1702 2728 eximii.

393 2763 428 2807 Ξ)
454 2763 536 2807 Vgl.
565 2763 641 2797 vita
668 2763 831 2807 Gregorii
858 2774 885 2798 c.
912 2765 953 2799 6:
989 2763 1115 2808 Coepit
1153 2774 1289 2809 quoque
1315 2791 1323 2799 .
1352 2791 1360 2798 .
1388 2792 1394 2798 .
1421 2763 1613 2808 Gregorius
1639 2766 1676 2800 in
1703 2763 1807 2800 disci-

248 2822 376 2866 pulatu
402 2823 476 2856 eius
503 2822 544 2866 (s,
571 2822 761 2868 Bonifacii)
787 2823 952 2867 proficere
989 2825 1108 2857 aetate
1147 2825 1183 2857 et
1209 2823 1387 2868 sapientia
1413 2826 1451 2858 et
1475 2824 1512 2858 in
1540 2825 1685 2859 tautum
1711 2834 1808 2858 ama·

251 2881 334 2915 bilis
361 2882 436 2916 fieri
463 2882 646 2925 magistro,
676 2884 715 2916 ut
742 2882 843 2927 quasi
869 2883 1012 2917 unicum
1038 2882 1150 2916 filium
1178 2893 1257 2917 eum
1284 2882 1462 2927 diligeret.
