1864 3213
278 165 362 208 176
676 162 775 204 Vita
806 161 956 216 rythm.
997 173 1028 202 s.
1066 159 1262 214 Liudgcri
1295 159 1364 202 let.
1396 159 1430 204 I.

487 279 608 325 Igitur
634 278 769 322 eligens
794 277 904 312 socios
929 278 965 311 ct
990 276 1134 311 veniens

300 341 425 384 1330·
558 337 844 382 operariosque
870 346 1018 371 secum
1044 334 1172 369 ducens
1198 345 1370 380 quosque,

487 397 594 433 Vexit
619 397 658 431 in
683 395 907 430 Werthinam
938 394 1130 429 habitandi
1155 394 1287 438 gracia,

557 455 748 490 habitante
774 454 848 488 Deo
873 453 976 498 plene
1001 464 1079 487 cum
1104 452 1293 497 Liudgero.

487 514 537 549 At
562 514 696 549 silvae
728 513 923 547 densitas
950 515 986 547 et
1012 523 1090 546 ceca
1117 512 1340 556 opacitasl

557 574 616 607 vix
642 573 699 607 vel
723 572 843 616 paucis
869 572 968 606 rimis
995 571 1102 605 solem
1128 570 1338 611 intromisit,

299 634 425 678 1335,
486 631 608 667 Unde
634 632 727 666 hunc
752 631 864 675 aliqui
890 631 1099 674 inceperunt
1123 630 1269 674 alloqui,

559 691 624 726 soli
650 693 693 725 ut
718 691 883 734 ignotum
908 689 1114 733 reliquisset
1138 688 1302 729 locuni,

485 751 566 786 Non
590 761 689 795 posse
715 750 869 794 aliquem
894 748 1106 782 habitare
1135 748 1314 782 hominem

557 809 596 843 in
622 811 698 843 tam
724 807 930 848 tenebrosis,
956 808 1030 841 tam
1063 807 1286 851 scrupulosis.

488 867 587 911 Quod
612 868 674 903 ille
700 868 860 911 graviter
885 866 1012 906 ferens,
1040 865 1278 910 equanimiter

301 930 425 972 1340,
560 929 680 961 tamen
706 924 942 970 respondebat
967 926 1003 959 et
1029 925 1078 958 sic
1104 924 1242 959 aiebat:

491 985 600 1029 ,Quod
625 996 689 1020 nos
714 995 784 1018 non
810 995 1003 1029 possumus,
1029 983 1167 1022 fratres,
1193 983 1327 1028 poterit
1350 982 1535 1024 Dominus,

559 1044 604 1079 ad
628 1043 904 1078 illuminandum
931 1043 991 1088 qui
1017 1043 1172 1077 intravit
1197 1041 1389 1076 mundum.6

487 1104 562 1139 Hoc
588 1103 683 1137 dicto
709 1103 824 1137 tacuit
850 1102 1032 1142 servando,
1064 1112 1151 1146 quae
1177 1101 1288 1135 latuit

561 1163 669 1203 intus,
696 1172 812 1206 spem
840 1162 885 1195 in
911 1172 991 1195 vero
1017 1160 1178 1195 adiutore
1203 1160 1288 1198 Deo,

299 1224 425 1267 1345,
487 1222 607 1266 Igitur
632 1221 756 1256 aberat
782 1221 856 1255 dies
882 1223 919 1255 et
944 1231 1011 1254 nox
1036 1220 1171 1261 aderat,
1227 1221 1232 1225 ”

559 1283 596 1315 et
620 1280 735 1315 labori
761 1280 857 1314 omni
883 1280 984 1314 venit
1010 1282 1148 1323 tempus
1179 1279 1310 1313 somni:

487 1340 555 1375 Ille
582 1339 771 1384 quiemina
787 1339 950 1383 linquens
975 1340 1078 1373 nocte
1103 1337 1231 1378 media,

558 1398 737 1432 matutino
764 1397 870 1438 dicto,
897 1397 1054 1432 reddidit
1084 1408 1119 1431 se
1145 1397 1248 1438 lecto,

489 1457 558 1493 Sed
582 1458 694 1492 nichil
721 1457 907 1498 dormiens,
934 1459 1061 1501 utpute
1088 1457 1248 1500 operiens

301 1520 426 1562 1350,
559 1517 648 1552 alios
675 1516 895 1557 dormire,
921 1516 1034 1550 solum
1060 1526 1095 1550 se
1120 1515 1225 1549 exire.

487 1576 586 1610 Exiit
610 1575 665 1610 bis
691 1576 748 1610 vel
772 1577 848 1616 ter3
874 1574 949 1609 sed
975 1574 1067 1608 hunc
1092 1574 1254 1609 celeriter

559 1635 758 1670 clericus
785 1635 1023 1679 sequutus,
1050 1634 1231 1667 nomine
1264 1631 1580 1675 Thietbaldus,

488 1694 597 1738 Quem
624 1704 738 1728 secum
764 1693 935 1734 sentiens,
962 1693 1168 1727 innocenter
1192 1693 1381 1734 mentiens,

559 1763 638 1797 pro
663 1753 972 1796 inspectione
999 1763 1033 1786 se
1065 1752 1175 1786 exisse
1201 1752 1357 1797 horae,

300 1814 426 1857 1355,
486 1812 705 1856 Precepit
730 1811 948 1846 clericum
973 1810 1087 1845 redire
1114 1811 1311 1845 tentorium

558 1881 637 1905 nec
663 1869 705 1904 de
731 1870 822 1905 lecto
848 1870 899 1904 ire
924 1871 995 1904 nisi
1021 1870 1113 1904 claro
1140 1869 1208 1904 die.

487 1930 554 1964 Ille
580 1928 793 1973 regrediens,
820 1931 947 1974 utpute
974 1929 1152 1970 obediens,

559 1988 693 2023 domini
718 1992 882 2033 precepto
908 1991 1088 2023 manserat
1112 1989 1149 2022 in
1168 1988 1270 2024 lecto.

487 2048 552 2083 Vir
577 2050 719 2083 sanctus
745 2058 882 2092 quoque
908 2059 944 2082 se
970 2048 1109 2082 curavit
1134 2058 1311 2092 reponere,

299 2108 424 2152 1360,
558 2109 607 2142 ut
633 2107 682 2142 sic
707 2105 895 2141 fefellisset
920 2106 1095 2147 clericum,
1126 2107 1156 2141 si
1181 2109 1318 2151 posset:

487 2178 609 2213 Jacuit
634 2179 749 2222 igitur
782 2179 980 2221 expectans,
1012 2168 1058 2208 ui]
1088 2167 1254 2221 legitur,

559 2238 635 2272 fieri
661 2237 691 2271 si
717 2236 848 2281 quiret,
874 2237 968 2271 solus
994 2239 1035 2271 ut
1061 2237 1182 2271 exiret.

488 2308 538 2343 At
564 2298 726 2339 SanchS
751 2308 889 2341 iuvenis
915 2308 1045 2342 sensim
1071 2318 1106 2341 se
1133 2308 1183 2342 sic
1209 2307 1347 2348 habuit,

559 2367 674 2401 veluti
700 2366 881 2407 dormiret,
907 2377 951 2401 ne
977 2367 1069 2401 hunc
1094 2366 1293 2410 impediret.

301 2427 426 2470 1365,
487 2426 715 2470 Egressus
740 2426 841 2460 modo
868 2437 912 2460 se
938 2426 1160 2470 prostravit
1186 2425 1264 2460 sub
1290 2424 1452 2460 arbore

558 2484 685 2519 beatus
710 2484 920 2530 Liudgerus,
946 2485 1049 2519 homo
1074 2485 1148 2520 Deo
1174 2485 1311 2530 plenus,

420 2592 521 2626 1331.
550 2592 707 2635 graciam
735 2592 774 2626 T.
811 2612 854 2616 —
890 2592 989 2626 1338.
1025 2603 1094 2627 'con
1120 2592 1273 2626 amlerer
1297 2591 1416 2626 Hand
1441 2591 1518 2625 uml
1544 2591 1606 2625 mit
1630 2590 1834 2625 schwarzer

278 2649 383 2684 Τιήίε
409 2651 453 2691 (s.
478 2661 511 2686 v.
536 2652 627 2693 877)
656 2651 695 2685 T.
735 2671 779 2675 —-
814 2651 915 2685 1341.
942 2662 1031 2686 corr.
1057 2652 1098 2685 in
1123 2652 1240 2695 potest
1269 2650 1308 2685 Τ.
1349 2668 1393 2674 -
1431 2650 1533 2685 1346.
1560 2648 1688 2683 somnii
1715 2648 1754 2682 Τ.
1783 2668 1827 2673 -

278 2708 369 2742 1347
384 2707 408 2742 f.
435 2719 461 2743 s.
487 2711 582 2743 1338
609 2709 649 2743 T.
676 2728 720 2734 --
747 2709 849 2744 1350.
876 2720 903 2744 s.
933 2712 1027 2744 1338
1047 2709 1087 2744 T.
1114 2729 1157 2734 -
1185 2710 1286 2744 1351.
1315 2711 1369 2744 est
1393 2709 1479 2744 iiber
1504 2708 1596 2742 hunc
1624 2718 1694 2743 von
1709 2707 1832 2743 Hand

276 2766 353 2801 und
381 2767 413 2801 T
413 2767 485 2801 inte
509 2768 576 2803 wie
600 2769 693 2802 1338
718 2769 982 2814 ozaehyetrayen
1009 2769 1050 2804 Τ.

417 2897 454 2939 1)
480 2896 566 2930 Vita
590 2896 638 2931 ΙΙ.
667 2907 693 2931 e.
721 2898 786 2938 29;
819 2908 849 2932 v.
878 2897 946 2931 ΙΙΙ.
974 2897 997 2932 1.
1024 2908 1052 2931 c,
