<?xml version="1.0" encoding="UTF-8"?>
<!DOCTYPE html PUBLIC "-//W3C//DTD XHTML 1.0 Transitional//EN"
    "http://www.w3.org/TR/xhtml1/DTD/xhtml1-transitional.dtd">
<html xmlns="http://www.w3.org/1999/xhtml" xml:lang="en" lang="en">
 <head>
  <title>
</title>
<meta http-equiv="Content-Type" content="text/html;charset=utf-8" />
  <meta name='ocr-system' content='tesseract 3.04.00' />
  <meta name='ocr-capabilities' content='ocr_page ocr_carea ocr_par ocr_line ocrx_word'/>
</head>
<body>
  <div class='ocr_page' id='page_1' title='image "./dievitaesanctili00altfuoft_0314.png"; bbox 0 0 1864 3213; ppageno 0'>
   <div class='ocr_carea' id='block_1_1' title="bbox 318 145 1464 201">
    <p class='ocr_par' dir='ltr' id='par_1_1' title="bbox 318 145 1464 201">
     <span class='ocr_line' id='line_1_1' title="bbox 318 145 1464 201; baseline -0.004 -10"><span class='ocrx_word' id='word_1_1' title='bbox 318 149 400 191; x_wconf 80' lang='lat'>186</span> <span class='ocrx_word' id='word_1_2' title='bbox 716 147 814 189; x_wconf 78' lang='lat' dir='ltr'>Vita</span> <span class='ocrx_word' id='word_1_3' title='bbox 846 147 996 201; x_wconf 74' lang='lat' dir='ltr'>rythm.</span> <span class='ocrx_word' id='word_1_4' title='bbox 1031 159 1061 190; x_wconf 71' lang='lat' dir='ltr'>s.</span> <span class='ocrx_word' id='word_1_5' title='bbox 1083 146 1277 200; x_wconf 79' lang='lat' dir='ltr'>Liudgeri</span> <span class='ocrx_word' id='word_1_6' title='bbox 1309 145 1464 189; x_wconf 78' lang='lat' dir='ltr'>let.·II.</span> 
     </span>
    </p>
   </div>
   <div class='ocr_carea' id='block_1_2' title="bbox 391 264 1653 2658">
    <p class='ocr_par' dir='ltr' id='par_1_2' title="bbox 391 264 1653 2658">
     <span class='ocr_line' id='line_1_2' title="bbox 525 264 1506 314; baseline -0.001 -8"><span class='ocrx_word' id='word_1_7' title='bbox 525 264 579 306; x_wconf 87' lang='lat' dir='ltr'>Et</span> <span class='ocrx_word' id='word_1_8' title='bbox 610 264 706 305; x_wconf 88' lang='lat' dir='ltr'>dum</span> <span class='ocrx_word' id='word_1_9' title='bbox 739 264 854 305; x_wconf 78' lang='lat' dir='ltr'>finita</span> <span class='ocrx_word' id='word_1_10' title='bbox 886 264 960 314; x_wconf 84' lang='lat' dir='ltr'>est,</span> <span class='ocrx_word' id='word_1_11' title='bbox 994 264 1117 305; x_wconf 88' lang='lat' dir='ltr'>etiam</span> <span class='ocrx_word' id='word_1_12' title='bbox 1156 264 1236 313; x_wconf 85' lang='lat' dir='ltr'>„ite</span> <span class='ocrx_word' id='word_1_13' title='bbox 1266 264 1390 305; x_wconf 88' lang='lat' dir='ltr'>missa</span> <span class='ocrx_word' id='word_1_14' title='bbox 1421 264 1506 305; x_wconf 90' lang='lat' dir='ltr'>est“</span> 
     </span>
     <span class='ocr_line' id='line_1_3' title="bbox 594 334 1420 385; baseline -0.001 -9"><span class='ocrx_word' id='word_1_15' title='bbox 594 335 770 376; x_wconf 86' lang='lat' dir='ltr'>Karolus</span> <span class='ocrx_word' id='word_1_16' title='bbox 801 334 976 385; x_wconf 83' lang='lat' dir='ltr'>audiret,</span> <span class='ocrx_word' id='word_1_17' title='bbox 1008 334 1133 376; x_wconf 83' lang='lat' dir='ltr'>vertit</span> <span class='ocrx_word' id='word_1_18' title='bbox 1165 347 1219 384; x_wconf 86' lang='lat' dir='ltr'>se,</span> <span class='ocrx_word' id='word_1_19' title='bbox 1252 336 1299 376; x_wconf 84' lang='lat' dir='ltr'>ut</span> <span class='ocrx_word' id='word_1_20' title='bbox 1329 335 1420 376; x_wconf 86' lang='lat' dir='ltr'>iret.</span> 
     </span>
     <span class='ocr_line' id='line_1_4' title="bbox 395 405 1502 458; baseline -0.002 -10"><span class='ocrx_word' id='word_1_21' title='bbox 395 406 465 449; x_wconf 80' lang='lat'>65.</span> <span class='ocrx_word' id='word_1_22' title='bbox 529 405 607 449; x_wconf 86' lang='lat' dir='ltr'>Sed</span> <span class='ocrx_word' id='word_1_23' title='bbox 640 407 781 448; x_wconf 84' lang='lat' dir='ltr'>cautus</span> <span class='ocrx_word' id='word_1_24' title='bbox 814 405 945 447; x_wconf 84' lang='lat' dir='ltr'>senior</span> <span class='ocrx_word' id='word_1_25' title='bbox 976 406 1074 457; x_wconf 84' lang='lat' dir='ltr'>viso,</span> <span class='ocrx_word' id='word_1_26' title='bbox 1108 406 1213 458; x_wconf 89' lang='lat' dir='ltr'>quod</span> <span class='ocrx_word' id='word_1_27' title='bbox 1245 407 1342 448; x_wconf 85' lang='lat' dir='ltr'>tunc</span> <span class='ocrx_word' id='word_1_28' title='bbox 1375 406 1502 448; x_wconf 86' lang='lat' dir='ltr'>rarior</span> 
     </span>
     <span class='ocr_line' id='line_1_5' title="bbox 595 476 1522 530; baseline 0.001 -13"><span class='ocrx_word' id='word_1_29' title='bbox 595 477 760 530; x_wconf 84' lang='lat' dir='ltr'>quidam</span> <span class='ocrx_word' id='word_1_30' title='bbox 794 477 1019 530; x_wconf 84' lang='lat' dir='ltr'>appareret,</span> <span class='ocrx_word' id='word_1_31' title='bbox 1054 476 1216 527; x_wconf 81' lang='lat' dir='ltr'>clamat,</span> <span class='ocrx_word' id='word_1_32' title='bbox 1249 478 1295 518; x_wconf 85' lang='lat' dir='ltr'>ut</span> <span class='ocrx_word' id='word_1_33' title='bbox 1326 478 1522 527; x_wconf 84' lang='lat' dir='ltr'>maneret,</span> 
     </span>
     <span class='ocr_line' id='line_1_6' title="bbox 523 535 1523 598; baseline -0.002 -8"><span class='ocrx_word' id='word_1_34' title='bbox 523 549 576 590; x_wconf 87' lang='lat' dir='ltr'>Et</span> <span class='ocrx_word' id='word_1_35' title='bbox 608 548 666 590; x_wconf 84' lang='lat' dir='ltr'>sic</span> <span class='ocrx_word' id='word_1_36' title='bbox 698 547 926 589; x_wconf 84' lang='lat' dir='ltr'>accelerans</span> <span class='ocrx_word' id='word_1_37' title='bbox 953 535 1066 588; x_wconf 58' lang='lat' dir='ltr'>’hunc</span> <span class='ocrx_word' id='word_1_38' title='bbox 1097 547 1268 589; x_wconf 82' lang='lat' dir='ltr'>accessit</span> <span class='ocrx_word' id='word_1_39' title='bbox 1299 547 1523 598; x_wconf 80' lang='lat' dir='ltr'>obsecrans,</span> 
     </span>
     <span class='ocr_line' id='line_1_7' title="bbox 592 618 1528 672; baseline -0.002 -12"><span class='ocrx_word' id='word_1_40' title='bbox 592 631 733 672; x_wconf 86' lang='lat' dir='ltr'>parum</span> <span class='ocrx_word' id='word_1_41' title='bbox 767 619 813 659; x_wconf 88' lang='lat' dir='ltr'>ut</span> <span class='ocrx_word' id='word_1_42' title='bbox 845 619 1026 659; x_wconf 85' lang='lat' dir='ltr'>maneret</span> <span class='ocrx_word' id='word_1_43' title='bbox 1059 631 1193 660; x_wconf 88' lang='lat' dir='ltr'>secum</span> <span class='ocrx_word' id='word_1_44' title='bbox 1227 620 1268 659; x_wconf 93' lang='lat' dir='ltr'>et</span> <span class='ocrx_word' id='word_1_45' title='bbox 1299 618 1528 671; x_wconf 74' lang='lat' dir='ltr'>pranderet.</span> 
     </span>
     <span class='ocr_line' id='line_1_8' title="bbox 523 686 1334 742; baseline -0.002 -11"><span class='ocrx_word' id='word_1_46' title='bbox 523 689 600 731; x_wconf 91' lang='lat' dir='ltr'>Ille</span> <span class='ocrx_word' id='word_1_47' title='bbox 633 701 884 742; x_wconf 82' lang='lat' dir='ltr'>summopere</span> <span class='ocrx_word' id='word_1_48' title='bbox 917 686 1137 730; x_wconf 80' lang='lat' dir='ltr'>inclinatus</span> <span class='ocrx_word' id='word_1_49' title='bbox 1169 701 1334 742; x_wconf 78' lang='lat' dir='ltr'>propere</span> 
     </span>
     <span class='ocr_line' id='line_1_9' title="bbox 393 759 1449 814; baseline -0.002 -11"><span class='ocrx_word' id='word_1_50' title='bbox 393 762 460 804; x_wconf 75' lang='lat'>70.</span> <span class='ocrx_word' id='word_1_51' title='bbox 592 773 761 814; x_wconf 83' lang='lat' dir='ltr'>magnas</span> <span class='ocrx_word' id='word_1_52' title='bbox 794 760 931 814; x_wconf 84' lang='lat' dir='ltr'>grates</span> <span class='ocrx_word' id='word_1_53' title='bbox 964 760 1038 801; x_wconf 85' lang='lat' dir='ltr'>Dei</span> <span class='ocrx_word' id='word_1_54' title='bbox 1072 760 1213 802; x_wconf 83' lang='lat' dir='ltr'>statim</span> <span class='ocrx_word' id='word_1_55' title='bbox 1246 759 1381 801; x_wconf 88' lang='lat' dir='ltr'>reddit</span> <span class='ocrx_word' id='word_1_56' title='bbox 1412 759 1449 801; x_wconf 90' lang='lat' dir='ltr'>ei</span> 
     </span>
     <span class='ocr_line' id='line_1_10' title="bbox 524 830 1332 883; baseline -0.001 -11"><span class='ocrx_word' id='word_1_57' title='bbox 524 831 577 872; x_wconf 91' lang='lat' dir='ltr'>Et</span> <span class='ocrx_word' id='word_1_58' title='bbox 608 831 877 872; x_wconf 86' lang='lat' dir='ltr'>libentissime</span> <span class='ocrx_word' id='word_1_59' title='bbox 910 830 1014 872; x_wconf 77' lang='lat' dir='ltr'>dixit</span> <span class='ocrx_word' id='word_1_60' title='bbox 1046 843 1085 872; x_wconf 89' lang='lat' dir='ltr'>se</span> <span class='ocrx_word' id='word_1_61' title='bbox 1118 831 1332 883; x_wconf 80' lang='lat' dir='ltr'>suscipere,</span> 
     </span>
     <span class='ocr_line' id='line_1_11' title="bbox 596 901 1473 956; baseline -0.001 -13"><span class='ocrx_word' id='word_1_62' title='bbox 596 902 784 955; x_wconf 83' lang='lat' dir='ltr'>quicquid</span> <span class='ocrx_word' id='word_1_63' title='bbox 815 903 914 956; x_wconf 81' lang='lat' dir='ltr'>agat</span> <span class='ocrx_word' id='word_1_64' title='bbox 947 902 981 943; x_wconf 91' lang='lat' dir='ltr'>ei</span> <span class='ocrx_word' id='word_1_65' title='bbox 1014 915 1083 954; x_wconf 88' lang='lat' dir='ltr'>pro</span> <span class='ocrx_word' id='word_1_66' title='bbox 1115 914 1248 943; x_wconf 81' lang='lat' dir='ltr'>amore</span> <span class='ocrx_word' id='word_1_67' title='bbox 1280 901 1369 942; x_wconf 88' lang='lat' dir='ltr'>Dei.</span> <span class='ocrx_word' id='word_1_68' title='bbox 1471 953 1473 955; x_wconf 17' lang='grc' dir='ltr'><strong><em>ι</em></strong></span> 
     </span>
     <span class='ocr_line' id='line_1_12' title="bbox 525 973 1510 1027; baseline -0.002 -11"><span class='ocrx_word' id='word_1_69' title='bbox 525 974 637 1016; x_wconf 85' lang='lat' dir='ltr'>Tunc</span> <span class='ocrx_word' id='word_1_70' title='bbox 670 974 939 1024; x_wconf 83' lang='lat' dir='ltr'>caminadula,</span> <span class='ocrx_word' id='word_1_71' title='bbox 981 975 1078 1015; x_wconf 85' lang='lat' dir='ltr'>tunc</span> <span class='ocrx_word' id='word_1_72' title='bbox 1109 975 1273 1027; x_wconf 84' lang='lat' dir='ltr'>paratur</span> <span class='ocrx_word' id='word_1_73' title='bbox 1305 973 1510 1022; x_wconf 80' lang='lat' dir='ltr'>mensula3</span> 
     </span>
     <span class='ocr_line' id='line_1_13' title="bbox 596 1044 1381 1095; baseline -0.001 -9"><span class='ocrx_word' id='word_1_74' title='bbox 596 1045 705 1087; x_wconf 82' lang='lat' dir='ltr'>dieta</span> <span class='ocrx_word' id='word_1_75' title='bbox 731 1045 834 1086; x_wconf 78' lang='lat' dir='ltr'>‚tunc</span> <span class='ocrx_word' id='word_1_76' title='bbox 867 1057 910 1086; x_wconf 78' lang='lat' dir='ltr'>ex</span> <span class='ocrx_word' id='word_1_77' title='bbox 945 1057 1052 1086; x_wconf 89' lang='lat' dir='ltr'>more</span> <span class='ocrx_word' id='word_1_78' title='bbox 1091 1044 1381 1095; x_wconf 85' lang='lat' dir='ltr'>benedictione,</span> 
     </span>
     <span class='ocr_line' id='line_1_14' title="bbox 394 1116 1371 1169; baseline -0.003 -10"><span class='ocrx_word' id='word_1_79' title='bbox 394 1117 460 1159; x_wconf 82' lang='lat'>75.</span> <span class='ocrx_word' id='word_1_80' title='bbox 523 1116 722 1159; x_wconf 82' lang='lat' dir='ltr'>Sederunt</span> <span class='ocrx_word' id='word_1_81' title='bbox 753 1116 918 1169; x_wconf 86' lang='lat' dir='ltr'>pariter,</span> <span class='ocrx_word' id='word_1_82' title='bbox 952 1117 1155 1157; x_wconf 86' lang='lat' dir='ltr'>sumentes</span> <span class='ocrx_word' id='word_1_83' title='bbox 1187 1116 1371 1156; x_wconf 76' lang='lat' dir='ltr'>hilariter</span> 
     </span>
     <span class='ocr_line' id='line_1_15' title="bbox 595 1187 1391 1237; baseline 0 -9"><span class='ocrx_word' id='word_1_84' title='bbox 595 1188 643 1229; x_wconf 89' lang='lat' dir='ltr'>de</span> <span class='ocrx_word' id='word_1_85' title='bbox 675 1200 698 1228; x_wconf 87' lang='lat' dir='ltr'>a</span> <span class='ocrx_word' id='word_1_86' title='bbox 730 1187 814 1228; x_wconf 92' lang='lat' dir='ltr'>Deo</span> <span class='ocrx_word' id='word_1_87' title='bbox 848 1187 968 1237; x_wconf 78' lang='lat' dir='ltr'>(latis,</span> <span class='ocrx_word' id='word_1_88' title='bbox 1003 1187 1126 1229; x_wconf 80' lang='lat' dir='ltr'>donec</span> <span class='ocrx_word' id='word_1_89' title='bbox 1160 1189 1246 1228; x_wconf 89' lang='lat' dir='ltr'>erat</span> <span class='ocrx_word' id='word_1_90' title='bbox 1278 1189 1391 1237; x_wconf 90' lang='lat' dir='ltr'>satis,</span> 
     </span>
     <span class='ocr_line' id='line_1_16' title="bbox 523 1259 1426 1313; baseline 0 -13"><span class='ocrx_word' id='word_1_91' title='bbox 523 1259 715 1301; x_wconf 85' lang='lat' dir='ltr'>Dicentes</span> <span class='ocrx_word' id='word_1_92' title='bbox 747 1259 872 1306; x_wconf 80' lang='lat' dir='ltr'>etiam</span> <span class='ocrx_word' id='word_1_93' title='bbox 905 1272 973 1312; x_wconf 85' lang='lat' dir='ltr'>per</span> <span class='ocrx_word' id='word_1_94' title='bbox 1006 1272 1198 1313; x_wconf 82' lang='lat' dir='ltr'>magnam</span> <span class='ocrx_word' id='word_1_95' title='bbox 1230 1259 1426 1309; x_wconf 85' lang='lat' dir='ltr'>leticiam,</span> 
     </span>
     <span class='ocr_line' id='line_1_17' title="bbox 595 1329 1440 1383; baseline 0 -13"><span class='ocrx_word' id='word_1_96' title='bbox 595 1329 779 1383; x_wconf 74' lang='lat' dir='ltr'>(piamvis</span> <span class='ocrx_word' id='word_1_97' title='bbox 813 1331 945 1371; x_wconf 84' lang='lat' dir='ltr'>essent</span> <span class='ocrx_word' id='word_1_98' title='bbox 977 1330 1040 1370; x_wconf 87' lang='lat' dir='ltr'>illi</span> <span class='ocrx_word' id='word_1_99' title='bbox 1070 1330 1184 1383; x_wconf 85' lang='lat' dir='ltr'>parvi</span> <span class='ocrx_word' id='word_1_100' title='bbox 1217 1332 1256 1371; x_wconf 83' lang='lat' dir='ltr'>et</span> <span class='ocrx_word' id='word_1_101' title='bbox 1288 1329 1440 1383; x_wconf 83' lang='lat' dir='ltr'>pusilli,</span> 
     </span>
     <span class='ocr_line' id='line_1_18' title="bbox 524 1400 1497 1450; baseline -0.001 -8"><span class='ocrx_word' id='word_1_102' title='bbox 524 1400 616 1442; x_wconf 86' lang='lat' dir='ltr'>Non</span> <span class='ocrx_word' id='word_1_103' title='bbox 649 1413 733 1442; x_wconf 88' lang='lat' dir='ltr'>esse</span> <span class='ocrx_word' id='word_1_104' title='bbox 765 1401 962 1442; x_wconf 79' lang='lat' dir='ltr'>Karolum</span> <span class='ocrx_word' id='word_1_105' title='bbox 997 1401 1140 1442; x_wconf 87' lang='lat' dir='ltr'>melius</span> <span class='ocrx_word' id='word_1_106' title='bbox 1173 1403 1270 1442; x_wconf 82' lang='lat' dir='ltr'>tunc</span> <span class='ocrx_word' id='word_1_107' title='bbox 1302 1402 1497 1450; x_wconf 85' lang='lat' dir='ltr'>saturum,</span> 
     </span>
     <span class='ocr_line' id='line_1_19' title="bbox 392 1471 1450 1524; baseline -0.001 -11"><span class='ocrx_word' id='word_1_108' title='bbox 392 1471 460 1513; x_wconf 78' lang='lat'>80.</span> <span class='ocrx_word' id='word_1_109' title='bbox 594 1471 834 1524; x_wconf 87' lang='lat' dir='ltr'>ubicumque</span> <span class='ocrx_word' id='word_1_110' title='bbox 867 1473 984 1522; x_wconf 87' lang='lat' dir='ltr'>esset,</span> <span class='ocrx_word' id='word_1_111' title='bbox 1018 1472 1201 1524; x_wconf 78' lang='lat' dir='ltr'>quamvis</span> <span class='ocrx_word' id='word_1_112' title='bbox 1233 1485 1299 1513; x_wconf 81' lang='lat' dir='ltr'>rex</span> <span class='ocrx_word' id='word_1_113' title='bbox 1332 1472 1450 1512; x_wconf 87' lang='lat' dir='ltr'>esset.</span> 
     </span>
     <span class='ocr_line' id='line_1_20' title="bbox 526 1542 1397 1592; baseline -0.001 -7"><span class='ocrx_word' id='word_1_114' title='bbox 526 1542 604 1585; x_wconf 85' lang='lat' dir='ltr'>Sed</span> <span class='ocrx_word' id='word_1_115' title='bbox 636 1555 685 1584; x_wconf 89' lang='lat' dir='ltr'>ne</span> <span class='ocrx_word' id='word_1_116' title='bbox 717 1542 919 1584; x_wconf 74' lang='lat' dir='ltr'>incautius</span> <span class='ocrx_word' id='word_1_117' title='bbox 953 1544 1176 1584; x_wconf 85' lang='lat' dir='ltr'>moraretur</span> <span class='ocrx_word' id='word_1_118' title='bbox 1208 1543 1397 1592; x_wconf 83' lang='lat' dir='ltr'>Karolus,</span> 
     </span>
     <span class='ocr_line' id='line_1_21' title="bbox 593 1613 1424 1667; baseline 0 -13"><span class='ocrx_word' id='word_1_119' title='bbox 593 1613 805 1655; x_wconf 78' lang='lat' dir='ltr'>licenciam</span> <span class='ocrx_word' id='word_1_120' title='bbox 838 1615 941 1666; x_wconf 83' lang='lat' dir='ltr'>petit</span> <span class='ocrx_word' id='word_1_121' title='bbox 973 1615 1012 1655; x_wconf 88' lang='lat' dir='ltr'>et</span> <span class='ocrx_word' id='word_1_122' title='bbox 1045 1614 1095 1655; x_wconf 86' lang='lat' dir='ltr'>ad</span> <span class='ocrx_word' id='word_1_123' title='bbox 1129 1627 1273 1667; x_wconf 83' lang='lat' dir='ltr'>equum</span> <span class='ocrx_word' id='word_1_124' title='bbox 1306 1614 1424 1655; x_wconf 87' lang='lat' dir='ltr'>redit.</span> 
     </span>
     <span class='ocr_line' id='line_1_22' title="bbox 523 1684 1651 1738; baseline 0.001 -13"><span class='ocrx_word' id='word_1_125' title='bbox 523 1684 571 1725; x_wconf 89' lang='lat' dir='ltr'>In</span> <span class='ocrx_word' id='word_1_126' title='bbox 602 1685 745 1738; x_wconf 88' lang='lat' dir='ltr'>primis</span> <span class='ocrx_word' id='word_1_127' title='bbox 776 1688 920 1727; x_wconf 87' lang='lat' dir='ltr'>notans</span> <span class='ocrx_word' id='word_1_128' title='bbox 952 1686 1032 1727; x_wconf 87' lang='lat' dir='ltr'>iam</span> <span class='ocrx_word' id='word_1_129' title='bbox 1065 1698 1199 1736; x_wconf 84' lang='lat' dir='ltr'>cornu,</span> <span class='ocrx_word' id='word_1_130' title='bbox 1233 1698 1384 1736; x_wconf 85' lang='lat' dir='ltr'>arcum,</span> <span class='ocrx_word' id='word_1_131' title='bbox 1418 1685 1651 1738; x_wconf 81' lang='lat' dir='ltr'>pharetram</span> 
     </span>
     <span class='ocr_line' id='line_1_23' title="bbox 594 1756 1453 1810; baseline 0.002 -14"><span class='ocrx_word' id='word_1_132' title='bbox 594 1756 792 1809; x_wconf 88' lang='lat' dir='ltr'>presbiter</span> <span class='ocrx_word' id='word_1_133' title='bbox 823 1757 1055 1810; x_wconf 80' lang='lat' dir='ltr'>vidensque,</span> <span class='ocrx_word' id='word_1_134' title='bbox 1088 1758 1318 1798; x_wconf 83' lang='lat' dir='ltr'>venatorem</span> <span class='ocrx_word' id='word_1_135' title='bbox 1354 1769 1453 1807; x_wconf 83' lang='lat' dir='ltr'>esse,</span> 
     </span>
     <span class='ocr_line' id='line_1_24' title="bbox 394 1825 1412 1881; baseline 0.001 -13"><span class='ocrx_word' id='word_1_136' title='bbox 394 1825 463 1868; x_wconf 74' lang='lat'>85.</span> <span class='ocrx_word' id='word_1_137' title='bbox 525 1825 624 1868; x_wconf 88' lang='lat' dir='ltr'>Post</span> <span class='ocrx_word' id='word_1_138' title='bbox 655 1827 815 1881; x_wconf 81' lang='lat' dir='ltr'>tergum</span> <span class='ocrx_word' id='word_1_139' title='bbox 850 1828 1007 1869; x_wconf 82' lang='lat' dir='ltr'>dixerat</span> <span class='ocrx_word' id='word_1_140' title='bbox 1039 1829 1088 1878; x_wconf 85' lang='lat' dir='ltr'>ei,</span> <span class='ocrx_word' id='word_1_141' title='bbox 1122 1831 1178 1878; x_wconf 88' lang='lat' dir='ltr'>ut,</span> <span class='ocrx_word' id='word_1_142' title='bbox 1214 1828 1247 1869; x_wconf 89' lang='lat' dir='ltr'>si</span> <span class='ocrx_word' id='word_1_143' title='bbox 1280 1828 1412 1881; x_wconf 78' lang='lat' dir='ltr'>capiat</span> 
     </span>
     <span class='ocr_line' id='line_1_25' title="bbox 595 1897 1488 1952; baseline 0.001 -14"><span class='ocrx_word' id='word_1_144' title='bbox 595 1897 810 1951; x_wconf 85' lang='lat' dir='ltr'>aliquando</span> <span class='ocrx_word' id='word_1_145' title='bbox 843 1911 1018 1949; x_wconf 81' lang='lat' dir='ltr'>cervum,</span> <span class='ocrx_word' id='word_1_146' title='bbox 1052 1899 1131 1940; x_wconf 85' lang='lat' dir='ltr'>sibi</span> <span class='ocrx_word' id='word_1_147' title='bbox 1163 1899 1232 1940; x_wconf 88' lang='lat' dir='ltr'>det</span> <span class='ocrx_word' id='word_1_148' title='bbox 1264 1899 1488 1952; x_wconf 82' lang='lat' dir='ltr'>cingulum,</span> 
     </span>
     <span class='ocr_line' id='line_1_26' title="bbox 525 1967 1422 2020; baseline 0.001 -11"><span class='ocrx_word' id='word_1_149' title='bbox 525 1967 652 2020; x_wconf 81' lang='lat' dir='ltr'>Quem</span> <span class='ocrx_word' id='word_1_150' title='bbox 686 1969 959 2010; x_wconf 84' lang='lat' dir='ltr'>libentissime</span> <span class='ocrx_word' id='word_1_151' title='bbox 992 1969 1094 2010; x_wconf 77' lang='lat' dir='ltr'>dixit</span> <span class='ocrx_word' id='word_1_152' title='bbox 1126 1970 1165 2010; x_wconf 90' lang='lat' dir='ltr'>et</span> <span class='ocrx_word' id='word_1_153' title='bbox 1197 1969 1422 2011; x_wconf 84' lang='lat' dir='ltr'>certissime</span> 
     </span>
     <span class='ocr_line' id='line_1_27' title="bbox 594 2040 1228 2082; baseline 0.003 -2"><span class='ocrx_word' id='word_1_154' title='bbox 594 2040 742 2081; x_wconf 79' lang='lat' dir='ltr'>auxilio</span> <span class='ocrx_word' id='word_1_155' title='bbox 775 2040 852 2080; x_wconf 92' lang='lat' dir='ltr'>Dei</span> <span class='ocrx_word' id='word_1_156' title='bbox 883 2053 924 2081; x_wconf 88' lang='lat' dir='ltr'>se</span> <span class='ocrx_word' id='word_1_157' title='bbox 957 2041 1145 2081; x_wconf 75' lang='lat' dir='ltr'>daturum</span> <span class='ocrx_word' id='word_1_158' title='bbox 1180 2040 1228 2082; x_wconf 87' lang='lat' dir='ltr'>ei.</span> 
     </span>
     <span class='ocr_line' id='line_1_28' title="bbox 523 2110 1265 2153; baseline 0.003 -2"><span class='ocrx_word' id='word_1_159' title='bbox 523 2110 576 2151; x_wconf 88' lang='lat' dir='ltr'>Et</span> <span class='ocrx_word' id='word_1_160' title='bbox 608 2110 665 2152; x_wconf 87' lang='lat' dir='ltr'>sic</span> <span class='ocrx_word' id='word_1_161' title='bbox 697 2111 853 2152; x_wconf 83' lang='lat' dir='ltr'>abierat</span> <span class='ocrx_word' id='word_1_162' title='bbox 885 2113 925 2152; x_wconf 92' lang='lat' dir='ltr'>et</span> <span class='ocrx_word' id='word_1_163' title='bbox 957 2111 1008 2152; x_wconf 84' lang='lat' dir='ltr'>ad</span> <span class='ocrx_word' id='word_1_164' title='bbox 1041 2124 1131 2153; x_wconf 87' lang='lat' dir='ltr'>suos</span> <span class='ocrx_word' id='word_1_165' title='bbox 1163 2112 1265 2153; x_wconf 85' lang='lat' dir='ltr'>ierat</span> 
     </span>
     <span class='ocr_line' id='line_1_29' title="bbox 391 2181 1310 2234; baseline 0.002 -12"><span class='ocrx_word' id='word_1_166' title='bbox 391 2181 460 2223; x_wconf 82' lang='lat'>90.</span> <span class='ocrx_word' id='word_1_167' title='bbox 591 2182 771 2234; x_wconf 83' lang='lat' dir='ltr'>quesitus</span> <span class='ocrx_word' id='word_1_168' title='bbox 802 2183 844 2222; x_wconf 89' lang='lat' dir='ltr'>in</span> <span class='ocrx_word' id='word_1_169' title='bbox 877 2183 980 2224; x_wconf 77' lang='lat' dir='ltr'>silva</span> <span class='ocrx_word' id='word_1_170' title='bbox 1011 2184 1097 2224; x_wconf 85' lang='lat' dir='ltr'>tota</span> <span class='ocrx_word' id='word_1_171' title='bbox 1130 2183 1194 2224; x_wconf 88' lang='lat' dir='ltr'>die</span> <span class='ocrx_word' id='word_1_172' title='bbox 1226 2183 1310 2225; x_wconf 83' lang='lat' dir='ltr'>illa.</span> 
     </span>
     <span class='ocr_line' id='line_1_30' title="bbox 524 2251 1465 2308; baseline 0 -14"><span class='ocrx_word' id='word_1_173' title='bbox 524 2251 706 2307; x_wconf 84' lang='lat' dir='ltr'>Contigit</span> <span class='ocrx_word' id='word_1_174' title='bbox 737 2253 872 2306; x_wconf 80' lang='lat' dir='ltr'>itaque</span> <span class='ocrx_word' id='word_1_175' title='bbox 905 2266 982 2295; x_wconf 88' lang='lat' dir='ltr'>non</span> <span class='ocrx_word' id='word_1_176' title='bbox 1015 2254 1135 2308; x_wconf 80' lang='lat' dir='ltr'>longo</span> <span class='ocrx_word' id='word_1_177' title='bbox 1167 2255 1256 2307; x_wconf 84' lang='lat' dir='ltr'>post</span> <span class='ocrx_word' id='word_1_178' title='bbox 1287 2255 1465 2306; x_wconf 84' lang='lat' dir='ltr'>tempore</span> 
     </span>
     <span class='ocr_line' id='line_1_31' title="bbox 594 2324 1379 2378; baseline 0 -14"><span class='ocrx_word' id='word_1_179' title='bbox 594 2324 706 2366; x_wconf 89' lang='lat' dir='ltr'>urbis</span> <span class='ocrx_word' id='word_1_180' title='bbox 737 2325 990 2378; x_wconf 85' lang='lat' dir='ltr'>Agrippinae</span> <span class='ocrx_word' id='word_1_181' title='bbox 1027 2325 1226 2378; x_wconf 85' lang='lat' dir='ltr'>presulem</span> <span class='ocrx_word' id='word_1_182' title='bbox 1259 2325 1379 2366; x_wconf 82' lang='lat' dir='ltr'>obire.</span> 
     </span>
     <span class='ocr_line' id='line_1_32' title="bbox 524 2393 1585 2448; baseline 0.003 -13"><span class='ocrx_word' id='word_1_183' title='bbox 524 2393 630 2446; x_wconf 85' lang='lat' dir='ltr'>Quid</span> <span class='ocrx_word' id='word_1_184' title='bbox 663 2407 793 2436; x_wconf 88' lang='lat' dir='ltr'>morer</span> <span class='ocrx_word' id='word_1_185' title='bbox 826 2395 1029 2448; x_wconf 76' lang='lat' dir='ltr'>amplius?</span> <span class='ocrx_word' id='word_1_186' title='bbox 1072 2396 1327 2437; x_wconf 85' lang='lat' dir='ltr'>Presulatum</span> <span class='ocrx_word' id='word_1_187' title='bbox 1359 2394 1536 2436; x_wconf 77' lang='lat' dir='ltr'>Karolus</span> <span class='ocrx_word' id='word_1_188' title='bbox 1583 2436 1585 2438; x_wconf 87' lang='lat'>.</span> 
     </span>
     <span class='ocr_line' id='line_1_33' title="bbox 595 2465 1450 2521; baseline 0 -15"><span class='ocrx_word' id='word_1_189' title='bbox 595 2465 707 2506; x_wconf 87' lang='lat' dir='ltr'>dedit</span> <span class='ocrx_word' id='word_1_190' title='bbox 738 2466 977 2508; x_wconf 88' lang='lat' dir='ltr'>Hildibaldo</span> <span class='ocrx_word' id='word_1_191' title='bbox 1010 2466 1172 2521; x_wconf 81' lang='lat' dir='ltr'>cingulo</span> <span class='ocrx_word' id='word_1_192' title='bbox 1203 2479 1273 2519; x_wconf 90' lang='lat' dir='ltr'>pro</span> <span class='ocrx_word' id='word_1_193' title='bbox 1306 2465 1450 2515; x_wconf 87' lang='lat' dir='ltr'>dando,</span> 
     </span>
     <span class='ocr_line' id='line_1_34' title="bbox 393 2535 1653 2590; baseline 0.001 -13"><span class='ocrx_word' id='word_1_194' title='bbox 393 2535 463 2577; x_wconf 79' lang='lat'>95.</span> <span class='ocrx_word' id='word_1_195' title='bbox 526 2535 709 2578; x_wconf 75' lang='lat' dir='ltr'>Nar-rans</span> <span class='ocrx_word' id='word_1_196' title='bbox 752 2537 833 2577; x_wconf 89' lang='lat' dir='ltr'>iam</span> <span class='ocrx_word' id='word_1_197' title='bbox 866 2537 1064 2587; x_wconf 81' lang='lat' dir='ltr'>omnibus,</span> <span class='ocrx_word' id='word_1_198' title='bbox 1097 2537 1238 2590; x_wconf 85' lang='lat' dir='ltr'>hospes</span> <span class='ocrx_word' id='word_1_199' title='bbox 1270 2536 1373 2589; x_wconf 87' lang='lat' dir='ltr'>quod</span> <span class='ocrx_word' id='word_1_200' title='bbox 1406 2535 1653 2589; x_wconf 84' lang='lat' dir='ltr'>peroptimus</span> 
     </span>
     <span class='ocr_line' id='line_1_35' title="bbox 593 2606 1494 2658; baseline 0.001 -12"><span class='ocrx_word' id='word_1_201' title='bbox 593 2606 858 2649; x_wconf 86' lang='lat' dir='ltr'>Hildibaldus</span> <span class='ocrx_word' id='word_1_202' title='bbox 891 2609 1007 2658; x_wconf 80' lang='lat' dir='ltr'>esset,</span> <span class='ocrx_word' id='word_1_203' title='bbox 1042 2620 1176 2650; x_wconf 86' lang='lat' dir='ltr'>secum</span> <span class='ocrx_word' id='word_1_204' title='bbox 1210 2607 1304 2648; x_wconf 87' lang='lat' dir='ltr'>dum</span> <span class='ocrx_word' id='word_1_205' title='bbox 1338 2606 1494 2649; x_wconf 79' lang='lat' dir='ltr'>fuisset.</span> 
     </span>
    </p>
   </div>
   <div class='ocr_carea' id='block_1_3' title="bbox 453 2780 1864 2826">
    <p class='ocr_par' dir='ltr' id='par_1_3' title="bbox 453 2780 1864 2826">
     <span class='ocr_line' id='line_1_36' title="bbox 453 2780 1864 2826; baseline 0 -10"><span class='ocrx_word' id='word_1_206' title='bbox 453 2780 507 2816; x_wconf 82' lang='lat'>66.</span> <span class='ocrx_word' id='word_1_207' title='bbox 533 2791 623 2816; x_wconf 80' lang='lat' dir='ltr'>corr.</span> <span class='ocrx_word' id='word_1_208' title='bbox 649 2781 689 2816; x_wconf 79' lang='lat' dir='ltr'>in</span> <span class='ocrx_word' id='word_1_209' title='bbox 708 2781 848 2825; x_wconf 87' lang='lat' dir='ltr'>quidem</span> <span class='ocrx_word' id='word_1_210' title='bbox 870 2782 909 2816; x_wconf 89' lang='lat' dir='ltr'>T.</span> <span class='ocrx_word' id='word_1_211' title='bbox 936 2800 980 2805; x_wconf 83' lang='lat'>—-</span> <span class='ocrx_word' id='word_1_212' title='bbox 1007 2783 1060 2816; x_wconf 77' lang='grc'>67.</span> <span class='ocrx_word' id='word_1_213' title='bbox 1089 2793 1122 2816; x_wconf 87' lang='lat' dir='ltr'>a.</span> <span class='ocrx_word' id='word_1_214' title='bbox 1149 2782 1196 2816; x_wconf 80' lang='lat' dir='ltr'>R.</span> <span class='ocrx_word' id='word_1_215' title='bbox 1223 2792 1341 2826; x_wconf 85' lang='lat' dir='ltr'>regem</span> <span class='ocrx_word' id='word_1_216' title='bbox 1366 2781 1534 2816; x_wconf 84' lang='lat' dir='ltr'>Karolum</span> <span class='ocrx_word' id='word_1_217' title='bbox 1555 2781 1594 2817; x_wconf 89' lang='lat' dir='ltr'>T.</span> <span class='ocrx_word' id='word_1_218' title='bbox 1623 2802 1666 2806; x_wconf 97' lang='lat'><strong>—</strong></span> <span class='ocrx_word' id='word_1_219' title='bbox 1693 2781 1747 2817; x_wconf 80' lang='lat'>73.</span> <span class='ocrx_word' id='word_1_220' title='bbox 1773 2791 1864 2817; x_wconf 80' lang='lat' dir='ltr'>corr.</span> 
     </span>
    </p>
   </div>
   <div class='ocr_carea' id='block_1_4' title="bbox 310 2848 1864 2912">
    <p class='ocr_par' dir='ltr' id='par_1_4' title="bbox 310 2848 1864 2912">
     <span class='ocr_line' id='line_1_37' title="bbox 310 2848 1864 2912; baseline 0.001 -8"><span class='ocrx_word' id='word_1_221' title='bbox 310 2880 379 2904; x_wconf 77' lang='lat' dir='ltr'>aus</span> <span class='ocrx_word' id='word_1_222' title='bbox 412 2869 632 2905; x_wconf 82' lang='lat' dir='ltr'>caminatula</span> <span class='ocrx_word' id='word_1_223' title='bbox 660 2870 700 2904; x_wconf 85' lang='lat' dir='ltr'>T.</span> <span class='ocrx_word' id='word_1_224' title='bbox 737 2889 778 2894; x_wconf 93' lang='lat'>—</span> <span class='ocrx_word' id='word_1_225' title='bbox 815 2871 868 2905; x_wconf 58' lang='lat'>19.</span> <span class='ocrx_word' id='word_1_226' title='bbox 908 2872 1049 2905; x_wconf 82' lang='lat' dir='ltr'>aturum</span> <span class='ocrx_word' id='word_1_227' title='bbox 1084 2882 1172 2905; x_wconf 79' lang='lat' dir='ltr'>corr.</span> <span class='ocrx_word' id='word_1_228' title='bbox 1202 2872 1241 2906; x_wconf 79' lang='lat' dir='ltr'>in</span> <span class='ocrx_word' id='word_1_229' title='bbox 1274 2850 1606 2912; x_wconf 61' lang='lat' dir='ltr'>{turu1n‚daomm</span> <span class='ocrx_word' id='word_1_230' title='bbox 1627 2848 1787 2905; x_wconf 57' lang='lat' dir='ltr'>sssturum</span> <span class='ocrx_word' id='word_1_231' title='bbox 1822 2868 1864 2906; x_wconf 88' lang='grc' dir='ltr'>Τ.</span> 
     </span>
    </p>
   </div>
  </div>
 </body>
</html>
