1801 3213
552 130 734 173 Libellus
764 126 1106 171 Monasteriensis.
1523 124 1606 166 247

60 251 243 302 debatur,
277 249 379 292 dixit
409 249 453 290 in
483 248 678 302 sompnis:
733 246 919 299 ,Sanctus
951 244 1191 299 Ludgerusa
1228 242 1413 297 precipit,
1445 242 1491 283 ut
1521 242 1609 284 Mo-

59 320 283 363 nasterium
314 319 486 362 voveasb
518 319 618 369 iter,
665 319 781 359 tuum
827 317 867 359 et
897 315 1066 369 recipies
1097 315 1257 357 visum‘.
1320 313 1443 355 Facto
1474 313 1610 366 itaque

0 415 3 422 ›
60 392 163 442 voto,
196 391 312 433 nocte
344 390 479 432 sancte
512 389 745 444 Margarete
775 387 928 441 recepit
969 387 1101 429 visum
1133 384 1374 437 veniensque
1406 383 1612 425 Monaste-

59 461 193 504 riumc
224 462 416 515 quosdam
449 460 780 514 Osnaburgenses
820 457 1031 501 canonicos
1071 456 1177 498 trine
1223 454 1405 498 cecitatis
1438 467 1507 496 sue
1538 454 1611 495 ha-

16 547 20 549 *
60 532 149 575 buit
178 532 316 574 testes.

209 620 303 662 136.
367 618 541 672 Quidam
564 619 613 660 de
635 617 902 660 Rinkerrodee
930 629 1084 659 summe
1105 615 1311 670 pertinens
1333 614 1580 668 prepositure
1597 615 1612 638 1

59 692 202 734 habuit
233 690 442 732 sinistrum
476 703 565 732 crus
599 689 759 731 diutina
796 688 1035 730 infirmitate
1067 687 1316 729 contractum
1349 698 1421 727 nec
1453 685 1612 738 poterat

56 763 131 810 vire,
165 762 259 816 quin
292 761 534 803 inniteretur
565 760 707 802 baculo
749 760 823 801 sub
850 759 1007 801 acellaf
1035 758 1176 812 posito.
1238 756 1318 798 Hic
1351 756 1518 797 audiens
1550 767 1610 806 ea,

60 846 134 887 que
166 832 407 875 Monasterii
438 845 509 886 per
541 830 672 874 sancti
712 831 922 885 Ludgerig
961 830 1114 872 fiebant
1160 827 1329 878 merita,
1376 825 1538 881 rogavit
1569 838 1611 868 se

59 903 212 958 imponi
243 903 422 945 iumento
455 915 524 944 suo
556 903 618 952 et,
669 902 786 955 quasi
831 901 880 943 (16
925 901 1101 942 sanitate
1142 912 1214 942 sua
1256 899 1388 941 certus
1420 898 1545 948 esset,
1579 897 1612 938 si

59 974 352 1017 Monasterium
384 974 552 1024 veniret,
586 972 798 1016 festinavit
830 985 898 1024 eo,
941 984 1111 1025 cumque
1143 983 1278 1013 coram
1310 981 1426 1011 cruce
1458 968 1612 1010 duobus

61 1045 201 1087 diebus
232 1045 418 1087 assiduus
449 1045 593 1086 fuisset
624 1044 665 1085 in
713 1044 896 1086 oracione
928 1056 1001 1085 nec
1037 1042 1226 1092 haberet,
1269 1040 1373 1094 quod
1405 1051 1613 1081 consume-

59 1118 135 1167 ret,
167 1116 290 1158 rediit
322 1115 497 1158 domum.
562 1115 648 1168 Qua
680 1116 816 1157 autem
848 1127 916 1168 spe
956 1126 1200 1167 consequens
1231 1111 1417 1166 probavit
1449 1110 1613 1153 eviden-

60 1186 239 1229 tissime:
282 1199 377 1229 sane
409 1200 500 1229 cum
532 1199 628 1229 uxor
659 1199 731 1228 sua
773 1186 812 1228 et
854 1185 967 1239 pueri
999 1183 1305 1228 60116111161111111
1346 1195 1438 1224 611111
1470 1182 1518 1224 (16
1550 1181 1613 1223 iu-

59 1259 195 1300 mento
226 1258 386 1309 levare,
433 1271 555 1300 sanus
588 1257 796 1300 descendit
827 1270 898 1311 per
938 1270 992 1299 se.
1056 1255 1198 1298 Certus
1238 1255 1397 1304 autem,
1445 1253 1539 1306 quia
1571 1252 1614 1293 in

60 1329 195 1371 reditu
227 1329 447 1371 sanitatem
493 1330 728 1372 consecutus
776 1330 903 1380 esset,
952 1328 1167 1382 ignorabat
1218 1325 1376 1379 quando
1422 1324 1487 1366 vel
1527 1323 1611 1365 ubi.

59 1401 189 1442 Pedes
234 1400 371 1454 itaque
422 1400 580 1443 rediens
625 1401 940 1452 Monasterium,
989 1412 1086 1453 quas
1119 1398 1252 1453 potuit
1298 1397 1424 1439 allato
1470 1395 1614 1438 baculo

61 1471 220 1526 gracias
251 1471 421 1526 peregit.

206 1561 292 1601 l4i.
357 1560 531 1613 Quidam
564 1561 790 1603 Mindensis
822 1561 988 1603 ecclesie
1027 1559 1212 1614 predives
1244 1556 1524 1600 ministerialis
1557 1555 1615 1598 cis

61 1631 300 1672 Weseramk
330 1644 522 1682 manens,
571 1634 685 1674 tanta
727 1633 806 1674 fuit
848 1632 1086 1674 debilitatus
1118 1630 1380 1680 infirmitate,
1427 1627 1530 1682 quod
1562 1626 1615 1668 ad

61 1714 212 1743 annum
245 1714 323 1743 non
355 1704 513 1755 poterat
534 1703 606 1754 ire,
639 1703 718 1745 nisi
741 1703 817 1745 duo
846 1703 1038 1744 ducerent
1069 1715 1158 1743 eun]
1194 1702 1299 1743 inter
1330 1713 1386 1742 se.
1419 1700 1615 1740 Attamen

61 1785 107 1814 ex
139 1785 215 1826 quo
246 1772 419 1827 incepitl
450 1773 662 1824 infirmari,
704 1773 833 1814 multa
866 1772 1169 1831 consumpserat
1200 1772 1242 1813 in
1273 1770 1454 1824 phisicis.
1507 1769 1615 1811 Huic

62 1855 141 1885 una
175 1843 329 1885 dierum
364 1844 485 1886 amici
518 1845 580 1887 sui
612 1845 886 1887 recitaverunt
924 1843 1108 1898 quedam,
1147 1856 1221 1897 que
1253 1842 1467 1884 audierant
1499 1853 1615 1882 sanc-

61 1915 148 1956 tum
182 1915 453 1969 Ludgerumm
485 1916 722 1958 Monasterii
754 1916 939 1958 fecissen.
1004 1914 1159 1967 Quibus
1199 1913 1374 1964 auditis,
1416 1912 1513 1954 licet
1544 1911 1615 1952 diu

62 1987 156 2028 ante
188 1986 302 2040 quasi
343 1986 592 2029 certissimus
633 1988 738 2029 esset
779 1987 827 2029 de
868 1987 1019 2038 morte,
1069 1985 1193 2028 dixit:
1257 1984 1470 2035 ,Videtur0
1502 1981 1615 2024 vobis

204 2123 220 2141 a
244 2114 352 2159 Lutg.
380 2115 424 2152 P.
465 2135 508 2140 —
545 2115 561 2141 ¹³
599 2126 740 2150 moveas
778 2116 822 2150 P.
863 2135 907 2140 ——
946 2123 960 2141 0
986 2115 1021 2149 P
1045 2125 1071 2149 s.
1099 2115 1142 2149 h.-
1179 2113 1224 2148 ad
1261 2113 1338 2148 und
1375 2123 1466 2148 corr.
1504 2113 1545 2146 in
1570 2110 1616 2145 ad.

62 2174 329 2210 Monasterium.
368 2194 412 2198 —
450 2174 467 2200 d
493 2174 534 2209 de
560 2175 715 2209 habente
753 2185 897 2209 curvum
931 2185 1009 2208 crus
1035 2174 1090 2217 P;
1124 2184 1151 2208 c.
1179 2174 1224 2207 10
1250 2172 1377 2213 Ρενίες
1414 2170 1615 2213 Quidam—-

63 2235 283 2268 contractum
307 2233 405 2279 yedr.
424 2234 543 2269 Perta.
570 2254 613 2258 —
639 2241 654 2259 e
680 2233 885 2268 Ririxerode
908 2233 1002 2268 Bou.
1020 2233 1139 2267 Perta.
1167 2252 1210 2256 —
1236 2231 1251 2256 f
1271 2231 1401 2265 ascella
1427 2231 1480 2272 P,-
1505 2229 1615 2264 axilla

62 2293 155 2327 Boll.
184 2312 225 2316 ——
254 2300 271 2325 g
296 2292 404 2336 Lutg.
430 2293 476 2327 P.
517 2312 559 2317 —
593 2292 610 2318 h
636 2293 883 2326 concurrerent
909 2292 952 2326 P.
993 2310 1035 2315 —-
1074 2291 1082 2316 i
1109 2290 1150 2325 de
1176 2290 1316 2324 infirmo
1342 2289 1384 2324 de
1410 2287 1532 2322 Minda
1558 2289 1616 2332 P,-

63 2361 90 2385 c.
119 2352 161 2385 11
189 2351 320 2394 Pert25
345 2350 595 2393 Quidam—ire
620 2363 655 2385 u.
682 2350 1009 2394 Quinta—domum
1034 2350 1131 2396 θεάν.
1158 2350 1276 2384 Perta.
1312 2368 1353 2372 —
1390 2348 1407 2373 k
1433 2348 1615 2391 Visurgim

65 2410 105 2445 Ο.
133 2430 176 2434 —
202 2410 210 2435 ¹
236 2410 331 2455 cepit
356 2411 401 2445 P.
428 2430 471 2435 ——
496 2418 522 2436 1¹¹
548 2410 657 2455 Lutg.
683 2411 726 2445 P.
766 2431 809 2435 —
847 2419 864 2436 11
890 2410 953 2445 fec.
979 2409 1074 2444 Mon.
1101 2410 1145 2444 P.
1184 2428 1227 2432 —
1265 2415 1280 2434 0
1307 2407 1495 2442 videturne
1521 2408 1613 2442 Bon.

205 2577 239 2621 1)
263 2576 335 2610 Der
359 2587 450 2620 ganz
475 2577 513 2611 in
539 2576 600 2610 der
617 2576 717 2610 Nahe
743 2576 805 2611 der
821 2576 951 2610 Kirche
977 2586 1016 2609 zu
1037 2574 1284 2610 Rinkenrodde
1309 2575 1481 2619 gelegene
1506 2574 1615 2618 Prop-

64 2635 228 2679 stinghof
254 2635 341 2669 wird
367 2636 403 2669 in
430 2635 509 2670 dem
541 2634 922 2679 domeapitularischen
955 2634 1083 2669 Statut
1108 2644 1174 2668 von
1212 2634 1301 2668 1265
1326 2633 1412 2667 Juni
1438 2634 1459 2667 3
1496 2632 1615 2677 (unter

64 2693 142 2728 dem
168 2694 304 2729 Namen
330 2695 589 2739 Rinkenrothe)
615 2697 720 2728 unter
753 2694 820 2728 (len
846 2692 1203 2738 dompropsteiliehen
1230 2692 1367 2728 Giitern
1393 2692 1617 2726 verzeichnet

64 2752 239 2796 (Wes‘tfa'l.
275 2753 478 2789 Urk.-Buch
512 2754 579 2789 111.
607 2755 709 2799 744),
746 2753 917 2788 nachdem
955 2752 1087 2787 bereits
1121 2754 1212 2788 1250
1239 2752 1334 2797 Sept.
1363 2753 1384 2787 5
1423 2752 1483 2787 der
1508 2752 1615 2786 Dom-

63 2815 187 2856 propst
210 2812 420 2857 Lehngiiter
453 2813 490 2847 in
528 2813 710 2858 parrochia
745 2812 990 2847 Rinkenrothe
1016 2811 1076 2846 der
1102 2811 1394 2856 Liudgerikirche
1420 2811 1615 2855 geschenkt

64 2870 167 2906 hatte
193 2871 309 2916 (U.-B.
337 2872 402 2907 III.
430 2872 525 2917 517).
