1864 3213
262 167 346 209 140
659 165 757 207 Vita
793 166 944 219 rythm.
983 177 1014 205 S.
1048 163 1244 218 Liudgeri
1274 164 1344 205 let.
1378 164 1410 205 Ι.

471 283 558 318 Post
584 283 670 317 duos
695 282 788 316 filios
814 282 885 316 iam
912 281 955 316 de
989 281 1064 316 illis
1089 281 1232 325 genitos

312 332 407 374 130.
540 344 624 376 sunt
649 352 669 375 a
694 341 768 375 Deo
795 340 901 375 datae
926 351 1085 375 novem
1119 340 1170 375 eis
1195 341 1314 380 natae,

470 412 566 455 Quae
599 401 861 455 singulariter
885 413 993 446 natae
1020 413 1103 445 sunt
1129 411 1300 445 velociter

541 470 585 504 ad
611 473 658 512 te,
685 470 795 504 Jhesu
821 469 974 510 Christe,
1006 480 1067 514 per
1098 468 1317 513 baptismum
1351 469 1490 503 missae.

472 529 540 564 Tot
566 529 696 563 claram
722 528 889 570 faetibus,
916 529 1008 562 sicut
1033 528 1111 572 pius
1146 528 1318 562 Dominus

542 588 626 622 olim
652 586 844 629 ordinavit,
871 598 970 622 suam
997 587 1041 621 ad
1066 598 1101 621 se
1127 587 1263 621 trahit:

311 638 407 680 135.
470 646 702 682 Defuncta
730 647 845 690 igitur
869 645 1033 690 paradiso
1058 646 1223 681 mittitur

538 717 600 750 per
625 705 770 749 angelos
795 705 862 739 Dei
888 707 1031 740 sanctae
1057 705 1205 749 requiei.

469 765 556 799 Post
580 764 670 798 hanc
696 775 774 798 sex
799 763 942 798 filiae
968 764 1037 798 iter
1063 766 1150 798 eunt
1175 764 1302 807 simile,

539 823 585 857 in
613 823 904 866 virginitate
931 822 1094 869 paradiso
1129 822 1247 865 datae,

469 882 519 917 At
544 884 678 928 pater
701 881 832 916 flebilis
858 892 935 915 cum
962 881 1116 915 duobus
1142 881 1270 922 filiis,

309 931 405 973 140.
540 940 719 975 tribus¹
745 940 942 974 filiabus
968 943 1111 974 tantum
1138 941 1348 981 consolatus,

469 1000 601 1035 Caste
627 1001 870 1044 permanserat
896 1002 932 1034 et
958 1000 1024 1033 soli
1049 1002 1292 1034 servaverat

536 1058 762 1102 Adelgardae
789 1058 894 1092 fidem
919 1070 1028 1103 usque
1055 1069 1155 1093 suum
1181 1058 1296 1092 finem.

399 1119 432 1153 2.
471 1118 568 1152 Tunc
593 1128 781 1161 regnum
806 1117 944 1151 Frisiae
969 1118 1144 1162 incepit
1175 1116 1388 1152 decrescrere

538 1187 726 1220 regnum
737 1188 803 1222 que
830 1176 1111 1211 Francorum
1147 1187 1297 1211 crescere
1324 1176 1362 1210 in
1386 1175 1529 1216 bonum,

311 1225 407 1268 145.
470 1236 561 1270 Nam
589 1247 691 1280 quem
718 1236 885 1279 impietas
910 1235 1079 1280 possedit,
1106 1234 1364 1269 infirmitas

538 1294 715 1339 possidere
741 1295 886 1340 cepit,
925 1294 1017 1329 unde
1043 1297 1080 1328 et
1105 1294 1246 1330 defecit.

468 1353 645 1388 Rabodo
672 1354 787 1397 igitur
813 1353 1023 1388 infirmus
1050 1353 1204 1388 efficitur

539 1413 575 1447 in
603 1414 758 1447 extrema
784 1415 878 1446 sorte
903 1413 1040 1457 positus
1068 1413 1123 1446 vel
1149 1415 1272 1446 morte.

468 1471 576 1506 Miser
601 1473 686 1506 tune
713 1472 872 1510 tremuit.
899 1472 1005 1506 miser
1032 1474 1116 1506 tunc
1149 1471 1339 1515 ingemuit,

310 1520 406 1562 150.
540 1531 625 1564 olim
651 1541 687 1564 se
713 1531 911 1574 malignum
938 1533 1060 1565 contra
1087 1530 1334 1574 Wirisingum,

468 1601 590 1635 Mittit
616 1604 652 1635 et
677 1604 830 1643 revocat,
869 1601 929 1636 sed
963 1602 1018 1636 vir
1044 1592 1206 1632 sanctus
1234 1601 1400 1645 abnegat,

537 1671 609 1694 sese
636 1660 879 1695 Christianum
905 1661 956 1695 ire
983 1661 1027 1695 ad
1058 1672 1248 1705 paganum.

467 1718 518 1753 At
543 1730 602 1753 rex
629 1719 710 1753 dum
735 1722 874 1764 peteret
900 1722 937 1754 et
963 1720 1062 1755 reddi
1095 1721 1332 1765 promitteret,

540 1778 707 1823 quicquid
733 1778 954 1820 abstulisset,
982 1780 1012 1814 si
1038 1778 1090 1813 ad
1116 1790 1159 1813 se
1186 1778 1384 1819 rediisset,

310 1826 405 1868 155.
468 1837 535 1872 Ille
561 1838 742 1871 inmobilis
769 1838 825 1872 vel
851 1839 1079 1873 inexorabilis

538 1898 659 1930 renuit
685 1896 798 1931 redire
825 1897 937 1931 veluti
962 1899 1087 1942 perire

468 1967 536 2001 Vix
562 1970 683 2001 tamen
709 1968 865 2002 monitus
897 1957 1117 1999 amicorum
1150 1967 1365 2013 precibus

537 2027 671 2060 misit
697 2027 922 2061 iuniorem
950 2026 1111 2061 filium
1138 2026 1190 2061 ad
1216 2037 1347 2070 regem,

467 2084 601 2126 Quem
627 2085 712 2119 ille
738 2085 865 2120 intime
892 2085 1193 2130 suscipiens‘2,
1221 2086 1361 2129 integre

305 2133 402 2175 160·
534 2143 693 2178 reddidit
718 2144 876 2179 ablatam
903 2144 1113 2179 facultatem
1140 2146 1265 2178 totam.

466 2214 540 2257 Quo
576 2215 669 2249 facto
703 2216 862 2256 moritur,
891 2206 930 2246 et
961 2205 1068 2258 patri
1099 2205 1318 2245 revertitur

541 2274 694 2316 Frisiae
726 2275 901 2327 optimus
934 2275 1091 2317 iuvenis
1123 2274 1414 2329 Thiadgrimus
1432 2275 1460 2315 3.

468 2345 591 2386 Pater
623 2345 823 2398 tripudiat
855 2358 979 2399 agens
1012 2345 1097 2386 Deo
1128 2346 1287 2399 gracias

536 2415 640 2456 bene
672 2428 742 2468 pro
774 2418 933 2469 recepto
965 2416 1048 2457 filio
1081 2416 1241 2458 dilecto.

397 2543 474 2578 154.
500 2554 590 2579 corr.
616 2546 656 2579 in
682 2544 833 2580 redisset
860 2545 900 2580 T.
928 2565 971 2570 ——
1011 2546 1089 2580 156.
1116 2545 1236 2580 renuit
1268 2556 1356 2580 corr.
1385 2545 1424 2580 T.
1465 2565 1510 2570 —
1548 2545 1626 2580 162.
1651 2540 1741 2580 corr.
1765 2544 1808 2579 in

249 2601 392 2646 opimus
420 2601 459 2636 T.

396 2779 431 2823 1)
457 2779 543 2813 Vita
569 2779 597 2813 I.
625 2790 652 2814 c.
678 2780 712 2815 2.
739 2799 782 2804 -
809 2780 844 2824 2)
870 2780 957 2814 Vita
983 2780 1010 2814 I.
1038 2791 1065 2815 c.
1091 2781 1123 2815 3.

395 2839 430 2882 3)
457 2838 523 2872 Die
549 2838 663 2872 alteru
703 2838 799 2873 vitae
837 2838 952 2872 lassen
991 2838 1081 2872 nac-h
1119 2838 1198 2873 dem
1236 2838 1330 2873 Tode
1368 2837 1535 2873 Radbods
1559 2836 1632 2872 und
1655 2837 1806 2883 Pippins

252 2895 423 2940 Wursing
448 2896 538 2930 nach
563 2895 749 2931 Friesland
774 2896 1048 2932 zuriickkehren.
