1801 3213
211 173 299 216 244
703 173 886 218 Libellus
918 173 1263 217 Monasteriensis.

208 291 379 334 horsta¹
411 304 583 347 peregre
613 292 770 343 ierant,
804 291 935 334 redire
968 291 1009 333 et
1040 304 1114 345 que
1146 291 1335 334 viderant
1366 292 1407 334 et
1436 292 1672 335 audierantb
1703 306 1769 337 re-

207 361 327 404 ferre..
391 362 547 415 Quibus
579 363 743 415 auditis,
776 363 935 416 quando
957 362 1006 404 de
1037 375 1202 417 vespere
1233 364 1397 406 voverat
1429 376 1473 407 eo
1504 364 1609 407 ferre
1641 365 1768 408 sacri-

206 432 344 476 ficium
377 447 517 486 suum,
566 434 748 488 sequenti
796 434 860 476 die
906 434 1008 476 bene
1046 434 1181 487 potuit
1211 434 1368 485 videre;
1414 434 1610 488 pellicula
1643 436 1764 488 enim,

206 516 282 557 que
313 504 541 548 increverat
571 505 699 548 oculis
747 504 856 555 eius,
905 505 953 546 de
999 517 1117 547 mane
1164 505 1284 558 rupta
1330 505 1466 557 brevi,
1514 506 1628 559 quasi
1659 507 1766 550 esset

205 587 332 628 aqua,
380 576 423 617 in
465 576 648 618 lacrimis
689 575 856 618 defluxit
903 576 1000 617 tota.
1065 576 1241 618 Veniens
1287 576 1426 629 itaque
1472 576 1763 623 Monasterium

204 647 391 700 percepte
423 647 560 701 gracie
593 646 799 689 sufficiens
829 647 975 688 habuit
1005 646 1298 688 testimonium.

349 719 443 760 100.
507 717 683 770 Quidam
722 718 804 759 fuit
851 717 983 760 Sosati
1024 719 1248 769 mercator,
1296 718 1448 760 habens
1494 717 1650 766 filium,
1698 718 1764 760 cui

203 789 361 831 omnisd
392 789 509 831 urina
540 801 611 843 per
643 788 846 842 quandam
878 789 1064 831 umbilici
1097 789 1221 831 exivit
1253 790 1477 842 rupturam,
1510 801 1589 831 non
1620 788 1762 843 utique

202 860 339 901 meatu
370 860 512 911 libero,
545 860 615 902 sed
646 860 791 902 modoe
822 860 1101 913 inexplicabili
1133 860 1173 902 et
1210 860 1417 902 inaudito:
1461 872 1569 911 sane,
1603 860 1763 912 quando

200 930 244 972 id
275 942 360 972 esse
393 931 546 982 debuit,
579 943 649 984 pre
682 931 816 972 dolore
847 931 1110 973 vehementer
1142 932 1317 973 clamare
1349 931 1468 984 cepit,
1502 943 1577 985 quo
1608 930 1761 982 audito,

200 1002 341 1044 venter
372 1002 410 1044 ei
442 1001 751 1055 circumquaque
783 1002 1067 1055 premebatur,
1117 1003 1157 1043 et
1188 1002 1247 1044 ita
1279 1002 1445 1043 tandem
1476 1001 1594 1044 urina
1627 1001 1763 1044 elicie-

201 1071 335 1114 batur.
400 1072 484 1125 Que
516 1085 619 1126 pena
650 1085 742 1115 cum
773 1072 856 1114 iam
888 1073 939 1114 ad
972 1073 1145 1127 quinque
1187 1085 1311 1115 annos
1343 1072 1597 1124 invaluisset,
1629 1072 1761 1114 mater

200 1143 375 1196 quadam
407 1143 524 1186 nocte
555 1143 661 1186 vidit
691 1144 735 1185 in
767 1143 957 1197 sompnis,
990 1144 1085 1197 quia
1122 1145 1301 1186 curasset
1332 1156 1422 1185 eum
1456 1144 1618 1186 sanctus
1650 1143 1761 1185 Lud-

200 1214 357 1269 gerusf.
419 1214 575 1256 Audita
607 1215 742 1256 autem
775 1214 936 1269 gracia,
984 1227 1103 1268 quam
1147 1215 1256 1256 Deus
1297 1227 1366 1268 per
1398 1227 1489 1256 eum
1521 1213 1760 1256 Monasterii

199 1285 454 1339 operabatur,
497 1285 685 1327 convenit
717 1285 910 1338 quasdam
944 1285 1100 1327 vicinas
1142 1298 1236 1328 suas
1268 1286 1308 1327 et
1339 1285 1442 1327 alias
1473 1285 1550 1327 sibi
1582 1285 1761 1327 familia-

199 1369 288 1407 res,
322 1357 362 1398 et
395 1356 523 1398 relato
556 1356 637 1408 eis,
686 1368 763 1409 que
796 1355 965 1398 vidisset
996 1356 1039 1397 in
1071 1356 1272 1409 sompnis,
1320 1356 1503 1410 rogavit,
1549 1357 1595 1397 ut
1626 1356 1759 1397 Deum

200 1439 335 1469 secum
369 1426 604 1468 invocarent
636 1427 676 1468 et
709 1427 846 1469 sancto
873 1426 1086 1481 Ludgerof
1113 1439 1205 1470 suas
1238 1428 1279 1469 et
1309 1426 1435 1480 pueri,
1468 1427 1513 1467 ut
1534 1426 1758 1477 curaretur,

199 1499 391 1540 voverent
422 1497 663 1541 oblaciones.
726 1497 956 1547 Voverunt,
999 1498 1039 1539 et
1070 1510 1169 1551 puer
1199 1497 1346 1539 melius
1377 1498 1485 1551 cepit
1514 1498 1683 1548 habere,
1716 1497 1759 1540 et

198 1569 313 1611 urina
346 1569 459 1612 brevi
491 1569 541 1611 ad
583 1568 767 1611 debitum
812 1569 992 1610 meatum
1035 1569 1288 1619 recurrente,
1335 1569 1450 1621 pater
1495 1581 1565 1622 pro
1611 1568 1758 1611 matris

198 1639 409 1694 sponsione
440 1639 664 1682 curacionis
697 1652 766 1681 sue
798 1640 915 1681 testis
947 1651 1038 1682 eum
1071 1639 1367 1681 Monasterium
1401 1639 1527 1683 duxit.

343 1712 436 1753 113.
498 1711 656 1764 Pauper
702 1710 868 1764 quidam
914 1710 958 1751 in
1003 1710 1257 1753 diverticulis
1299 1710 1536 1764 episcopalis
1583 1710 1758 1753 domus2

196 1781 436 1825 Monasterii
468 1782 650 1835 repertus
682 1794 706 1823 a
737 1781 877 1832 servis,
909 1781 1025 1835 quasi
1052 1794 1143 1824 reus
1190 1782 1291 1823 furti
1322 1781 1472 1837 pugnis
1502 1782 1756 1824 multabatur

340 1907 357 1925 θ·
382 1899 640 1934 Freckenhorst
665 1898 791 1934 Addit.
820 1918 864 1923 —
894 1898 911 1924 b
937 1900 975 1933 et
1000 1897 1080 1933 aud.
1106 1898 1133 1942 f.
1160 1898 1288 1934 Addit.
1328 1918 1372 1923 —
1409 1906 1424 1925 0
1449 1897 1492 1934 de
1516 1900 1622 1944 rupto
1647 1908 1756 1943 puero

195 1959 254 2003 P,-
281 1969 309 1993 e.
339 1959 358 1993 7
383 1959 517 2002 Pertz;
541 1957 920 2001 Quidam-mercator
943 1958 1042 2004 θεάν.
1070 1958 1190 1993 Perta.
1224 1977 1269 1983 —
1304 1958 1322 1984 d
1346 1959 1374 2002 f.
1400 1958 1446 1993 P.
1474 1978 1517 1983 —
1543 1965 1559 1985 e
1583 1959 1610 2003 f.
1637 1958 1682 1994 P.
1709 1978 1752 1984 —-

194 2017 209 2044 f
230 2008 338 2062 Lutg.
367 2018 413 2052 P.
441 2038 485 2043 —
511 2025 529 2051 g
554 2017 596 2053 de
622 2027 785 2062 percusso
810 2017 943 2062 pugine
969 2018 1006 2052 P
1014 2030 1027 2061 ;
1060 2029 1088 2053 c.
1115 2018 1136 2052 8
1163 2018 1294 2062 Pert25
1327 2017 1754 2062 Pauper—misereretur,

194 2075 558 2112 Unde—trahebatur
582 2088 618 2112 u.
645 2076 690 2111 ad
716 2077 982 2112 sancti—cecus
1007 2078 1053 2119 (c.
1078 2079 1142 2120 12)
1166 2077 1264 2123 θεάν.
1292 2077 1410 2113 Pertz.

338 2209 373 2253 1)
398 2208 488 2243 Dem
514 2207 647 2242 bereits
673 2208 740 2243 851
768 2207 1017 2252 gegriindeten
1042 2207 1188 2242 Kloster
1212 2207 1472 2242 Freckenhorst
1497 2207 1666 2242 schenkte
1691 2207 1753 2242 Bi-

192 2267 292 2303 schof
315 2266 489 2302 Liudbert
516 2267 584 2302 861
610 2266 913 2311 herrvorragende
938 2266 1148 2311 Reliquum,
1187 2277 1223 2301 so
1255 2265 1445 2301 besonders
1471 2277 1551 2301 vom
1575 2265 1753 2302 Heilande

193 2325 265 2361 und
291 2337 371 2361 vom
396 2326 445 2361 hl.
472 2325 689 2368 Bonifatius,
716 2325 784 2360 den
810 2325 873 2360 das
900 2325 992 2360 Stift
1028 2337 1069 2359 zu
1107 2325 1239 2360 seinem
1274 2326 1411 2374 'Patron
1449 2324 1605 2364 annahm
1643 2325 1751 2370 (Ann.

192 2385 395 2420 Xantenses
421 2385 481 2420 SS.
507 2385 555 2420 ΙΙ.
583 2385 678 2428 230).
727 2384 959 2419 Namentlich
997 2383 1082 2419 aber
1106 2395 1179 2419 war
1203 2384 1462 2419 Freckenhorst
1487 2394 1611 2428 wegen
1634 2384 1752 2419 seines

192 2443 242 2478 hl.
267 2443 421 2479 Kreuzes
459 2443 521 2479 das
555 2445 752 2488 gesammte
788 2443 1010 2478 Mittelalter
1047 2442 1222 2477 hindurch
1260 2444 1319 2478 ein
1355 2442 1615 2478 vielbesuchter
1639 2442 1751 2478 Wall-

191 2503 378 2539 fahrtsort.
426 2504 481 2539 Im
506 2504 672 2548 Anfange
699 2503 759 2538 des
785 2503 867 2538 XII.
893 2503 1017 2537 Jahrh.
1044 2502 1221 2537 brannten
1250 2502 1396 2536 Kloster
1421 2501 1495 2536 und
1520 2501 1649 2536 Kirche
1674 2501 1750 2536 nic-

191 2561 252 2597 der
262 2576 271 2604 3
298 2562 359 2597 der
383 2562 533 2597 Neubau
561 2561 677 2597 wurde
703 2561 921 2605 eingeweiht
948 2562 1040 2596 1129
1065 2561 1152 2596 Juni
1178 2561 1201 2596 4
1231 2560 1431 2606 (Geschqu.
1456 2560 1485 2596 I.
1513 2560 1606 2606 108).

333 2622 368 2667 2)
393 2621 465 2656 Der
490 2621 715 2656 bischofliche
741 2620 816 2655 Hof
838 2620 902 2655 auf
925 2620 986 2655 der
1002 2620 1328 2655 Doni-Immunitat
1354 2619 1457 2664 (nach
1473 2618 1598 2654 Addit.
1626 2617 1661 2653 S.
1681 2618 1749 2653 108

189 2680 232 2715 A.
259 2681 307 2726 2),
334 2680 549 2715 urkundlich
574 2682 692 2715 zuerst
716 2680 877 2715 erwahnt
905 2680 993 2714 1181
1030 2679 1127 2724 (Erh.
1153 2679 1241 2723 Reg.
1268 2680 1380 2720 21033
1419 2677 1503 2714 Cod.
1527 2677 1598 2713 417
1627 2677 1749 2718 „iuxta

190 2740 323 2774 curiam
348 2740 632 2785 episcopale1n“)‚
659 2739 753 2773 dann
778 2739 817 2773 in
842 2738 910 2774 den
935 2738 1118 2773 Additam.
1142 2738 1166 2773 l.
1193 2749 1219 2773 c,
1248 2738 1504 2782 gesammelten
1531 2736 1669 2771 Stellen
1694 2736 1748 2770 als

190 2797 313 2832 domus
338 2800 471 2840 nostra,
508 2799 601 2840 aula,
636 2798 813 2843 palacium
846 2799 1007 2832 nostrum
1018 2811 1027 2838 ;
1065 2796 1156 2831 nach
1195 2797 1292 2831 einer
1329 2795 1651 2838 Randbemerkung
1685 2793 1747 2829 des

190 2855 276 2891 Geh.
303 2856 588 2892 Archiv-Rathes
625 2857 687 2892 Dr.
714 2856 888 2891 Wilmans
922 2857 960 2891 in
997 2856 1129 2891 seinem
1166 2856 1235 2890 mir
1270 2856 1416 2899 giitigst
1448 2866 1508 2889 zur
1533 2852 1746 2897 Verfiigung

189 2915 383 2959 gestellten
402 2915 707 2960 Handexemplare
733 2915 793 2950 der
810 2915 992 2950 Additam.
1018 2913 1137 2950 wurde
1155 2914 1217 2949 das
1246 2914 1463 2959 „palacium“
1492 2913 1586 2948 1364
1610 2911 1748 2947 Januar
