1801 3213
230 168 312 210 198
629 168 726 210 Vita
757 167 907 222 rythm.
940 179 971 209 s.
995 166 1189 222 Liudgeri
1219 167 1289 208 let.
1322 167 1376 208 ΙΙ.

441 284 554 338 Quod
586 284 628 326 in
659 284 884 339 Mogonoia,
917 284 1101 338 quamvis
1132 296 1284 338 pauper
1316 284 1485 336 advena,

279 356 375 398 820.
512 354 845 408 metropolitanus
875 355 1008 397 factus
1040 355 1094 397 sit
1123 355 1342 408 preclarus,

440 425 554 478 Quod
585 424 822 479 magisterio
853 426 1030 479 preesset
1061 425 1268 480 Gregorio,

510 494 656 529 sibimet
681 495 717 528 in
743 494 885 530 Christo
910 493 1134 540 postmodum
1160 495 1334 539 magistro

441 553 541 596 Cum
573 554 714 595 multis
745 554 851 605 aliis,
886 567 980 608 quos
1012 555 1074 598 vir
1107 567 1279 610 magnus
1312 555 1470 607 habuit,

506 625 548 666 in
581 624 826 678 discipulatu
858 625 942 668 sive
975 626 1170 668 comitatu
1189 628 1216 668 ¹„

277 684 374 726 825.
437 693 505 730 Sed
531 696 574 728 et
599 693 630 729 G
643 705 748 738 rego
762 694 848 729 rii'2
874 696 1005 729 vitam
1032 696 1125 730 servi
1151 695 1307 739 Domini,

508 753 569 799 qui
594 764 630 788 se
655 754 851 795 nutriebat,
878 754 1006 789 intime
1031 755 1220 797 scribebat,

436 812 529 848 Nam
554 813 801 858 passionali
827 813 918 848 libro
944 813 1190 849 Bonifacii

506 874 633 907 cuncta
657 875 762 907 crant
787 873 858 907 ista
883 873 980 917 prius
1005 884 1027 918 p
1037 884 1053 907 r
1064 883 1082 908 e
1094 876 1110 908 t
1121 885 1138 908 e
1148 886 1164 908 r
1178 874 1260 908 inis
1272 885 1287 908 s
1296 884 1327 908 a.

344 943 398 980 19.
437 943 465 977 E
476 955 492 978 r
504 953 525 978 a
539 946 556 978 t
570 970 577 984 ‚
610 934 656 974 ut
686 932 873 984 diximus,
905 944 933 978 L
944 944 955 978 i
966 955 988 978 u
1001 943 1054 988 dg
1067 955 1084 978 e
1095 954 1141 978 ru
1153 955 1168 977 s
1195 942 1432 985 doctissimus,

275 993 372 1034 830.
505 1013 527 1047 q
537 1012 559 1035 u
570 1002 581 1035 i
593 1012 610 1036 c
621 1012 673 1047 qu
685 1002 697 1035 i
709 1001 730 1035 d
756 1004 794 1036 et
819 1001 979 1044 docebat,
1008 1013 1031 1047 p
1043 1014 1059 1036 r
1070 1003 1081 1036 i
1093 1014 1113 1036 u
1126 1014 1140 1036 s
1165 1001 1333 1043 faciebat,

435 1061 508 1096 Hos
534 1073 553 1095 v
563 1072 581 1096 e
591 1073 608 1096 ι·
617 1060 639 1095 b
648 1062 660 1096 i
669 1073 685 1096 s
710 1062 900 1106 corrigens,
926 1061 990 1096 hos
1015 1073 1033 1096 e
1044 1072 1089 1096 xe
1102 1073 1135 1095 m
1145 1061 1235 1105 plis
1260 1060 1430 1105 dirigens,

505 1122 796 1156 sanctitatis
820 1122 917 1167 piam
943 1121 1154 1156 informavit
1180 1121 1316 1162 viam,

436 1181 467 1216 U
480 1180 563 1216 nde
590 1182 628 1215 et
653 1181 818 1215 merito
844 1182 988 1215 meruit
1013 1192 1033 1215 a
1059 1180 1210 1215 Domino

504 1239 599 1274 idem
625 1239 815 1284 disciplina
841 1250 914 1274 esse
941 1240 1001 1285 qui
1027 1239 1048 1274 d
1061 1250 1079 1274 o
1092 1251 1108 1274 c
1119 1241 1134 1274 t
1147 1251 1163 1273 r
1178 1240 1223 1273 in
1234 1249 1254 1272 a
1266 1238 1290 1279 ³,

274 1299 371 1343 835.
436 1299 627 1352 Quamvis
660 1299 877 1342 cessaverit
907 1300 1037 1352 indui,
1076 1312 1193 1353 quem
1225 1298 1372 1349 induit,

505 1369 695 1404 cucullae
721 1370 856 1404 vestitu
880 1370 1129 1404 monachorum
1155 1370 1239 1403 ritu.

433 1429 542 1472 Nam
573 1430 646 1471 hoo
678 1429 845 1471 indutus
877 1430 951 1480 est,
986 1430 1092 1471 sieut
1122 1430 1216 1470 ante
1250 1428 1404 1470 dictum
1437 1428 1498 1469 est
1514 1428 1543 1480 4,

505 1513 576 1554 pro
608 1500 879 1554 experimento
904 1502 1064 1542 tantum
1098 1499 1352 1549 vestimento,

433 1582 507 1617 Nec
538 1571 658 1613 huius
690 1594 706 1616 1·
717 1593 734 1616 e
745 1593 768 1626 g
779 1583 868 1617 ulae
893 1582 1007 1617 ullum
1033 1581 1080 1616 ob
1094 1594 1108 1617 s
1117 1593 1134 1616 e
1145 1594 1161 1616 r
1172 1593 1191 1616 v
1201 1582 1334 1621 anciae,

273 1643 371 1686 840.
505 1653 547 1688 fe
559 1663 575 1686 e
588 1664 605 1687 e
620 1664 669 1687 ra
680 1655 697 1687 t
722 1664 744 1697 p
754 1663 797 1687 ro
808 1653 888 1687 mis
899 1664 994 1695 sum,
1027 1643 1072 1683 ut
1104 1642 1145 1683 in
1177 1642 1253 1683 hae
1284 1642 1346 1683 est
1377 1641 1570 1694 seriptum
1585 1656 1596 1691 ;

437 1712 591 1746 Tantum
618 1712 763 1746 cilicii
790 1712 961 1746 vestitum
987 1722 1007 1746 a
1017 1711 1039 1745 b
1051 1723 1066 1746 s
1078 1722 1094 1746 c
1105 1722 1123 1746 o
1134 1723 1156 1745 n
1168 1711 1189 1745 d
1199 1712 1211 1745 i
1221 1711 1251 1745 ti

503 1769 554 1804 ad
580 1781 597 1805 c
608 1781 628 1804 a
638 1782 654 1804 r
667 1781 690 1804 n
701 1781 763 1805 em
789 1770 956 1811 habebat,
984 1770 1153 1815 quamdiu
1180 1769 1327 1805 vivebat
1338 1770 1363 1812 ⁵,

434 1828 509 1864 Hoc
534 1840 557 1863 n
568 1829 659 1863 ullo
686 1829 757 1863 alio
783 1840 805 1863 ιι
818 1829 874 1863 isi
900 1829 1107 1864 fidelissimo

506 1887 626 1933 aliquo
653 1888 783 1922 cliente
810 1899 870 1922 suo
898 1891 1141 1932 cognoscente.

274 1936 371 1978 845-
434 1946 605 1981 Honestis
630 1958 650 1980 v
662 1957 679 1981 e
690 1958 705 1981 s
718 1946 791 1981 tib
802 1958 823 1981 u
836 1959 851 1981 s
877 1949 914 1981 et
939 1958 982 1981 su
993 1958 1049 1981 am
1076 1946 1282 1982 decentibus

504 2016 526 2050 p
536 2016 553 2040 e
565 2017 581 2040 r
590 2017 604 2040 s
613 2015 632 2039 o
643 2016 724 2040 nam
750 2005 795 2040 in
804 2017 820 2040 c
832 2017 848 2040 e
859 2006 936 2047 ssit,
963 2005 1109 2050 desuper
1136 2017 1222 2051 quas
1247 2006 1361 2050 gessit
1374 2006 1398 2040 ⁶.

434 2064 459 2101 C
470 2076 489 2099 a
498 2077 513 2099 r
523 2076 546 2099 n
557 2076 575 2100 e
585 2076 619 2099 ιιι
646 2076 661 2099 s
670 2076 692 2109 p
702 2065 739 2099 ir
750 2066 762 2099 i
773 2067 817 2099 tu
827 2066 838 2100 i
851 2066 863 2084 ⁷
889 2065 1104 2109 castigatam
1132 2065 1244 2099 subici

504 2123 638 2158 fecerat
660 2124 818 2158 latenter
842 2126 950 2169 atque
980 2126 1210 2166 incessanter,

435 2181 604 2218 Cavens
617 2184 631 2202 ⁸
655 2183 830 2228 precipue,
856 2195 872 2218 s
885 2184 896 2217 i
909 2183 931 2218 b
945 2185 956 2218 i
982 2195 1132 2219 nomen
1159 2185 1311 2220 facere

274 2243 372 2284 850.
506 2252 652 2298 aliquod
687 2254 828 2288 inane
862 2243 1043 2285 vanitate
1074 2244 1220 2286 famae.

434 2311 596 2347 Discrete
622 2313 741 2347 omnia
766 2323 844 2347 cum
871 2312 993 2347 divina
1018 2315 1139 2357 gratia

505 2374 614 2416 atque
640 2374 838 2416 temperate
864 2372 950 2406 fecit
976 2373 1265 2418 circumquaque;

434 2431 667 2485 Numquam
699 2445 740 2474 se
771 2432 855 2474 ocio
889 2433 1001 2474 dedit
1032 2433 1097 2475 vel
1128 2433 1306 2488 negocio,

506 2502 548 2543 in
580 2515 656 2556 quo
689 2504 793 2545 esset
824 2516 973 2545 vanum
1004 2503 1166 2557 aliquod
1200 2504 1263 2545 vel
1297 2503 1462 2548 malum.

365 2618 444 2653 819.
471 2618 660 2662 Moguntia
685 2620 778 2654 Bon.
818 2639 860 2643 —
899 2620 978 2654 824.
1017 2630 1079 2655 vor
1103 2621 1178 2654 siue
1204 2630 1293 2656 corr.
1323 2620 1362 2654 T.
1400 2639 1442 2644 -—
1481 2620 1560 2655 849.
1591 2631 1680 2656 corr.
1708 2630 1778 2656 aus

223 2675 376 2712 Cfauens
406 2676 444 2711 T.

366 2783 401 2828 1)
427 2783 509 2827 Vgl.
537 2783 613 2817 vita
639 2783 802 2828 Gregorii
828 2795 855 2818 c.
877 2786 908 2819 9.
937 2804 979 2809 -—
1006 2784 1042 2829 52)
1068 2784 1154 2819 Vita
1180 2785 1208 2819 I.
1232 2795 1259 2819 c.
1286 2785 1331 2820 30
1357 2783 1428 2819 und
1445 2784 1511 2819 111.
1539 2795 1566 2818 c.
1584 2785 1627 2819 41
1656 2785 1773 2818 setzen

223 2841 349 2876 hinzu:
377 2844 414 2877 et
438 2841 585 2876 Albrici.
614 2862 655 2867 —-
682 2843 718 2887 3)
744 2843 831 2878 Vita
856 2843 924 2878 111.
951 2844 975 2879 1.
1002 2854 1028 2877 o.
1057 2863 1100 2868 —
1126 2845 1162 2888 4)
1188 2844 1265 2878 Let.
1293 2843 1321 2878 Ι.
1348 2855 1379 2877 v.
1407 2844 1475 2879 975
1493 2843 1527 2877 ff.
1556 2863 1598 2867 --
1625 2842 1660 2887 5)
1686 2842 1773 2877 Vita

223 2900 253 2936 Ι.
280 2910 306 2934 e.
332 2901 389 2936 30.
416 2919 459 2925 —-
486 2902 520 2945 6)
546 2900 633 2935 Vita
657 2901 705 2935 II.
733 2912 758 2936 c.
786 2903 842 2937 31.
870 2921 913 2926 —-
942 2903 974 2946 ἶ)
1001 2902 1088 2937 Vita
1113 2903 1179 2938 III.
1209 2903 1231 2937 l.
1259 2913 1286 2937 c.
1314 2922 1357 2927 —-
1383 2902 1418 2948 8)
1444 2902 1531 2937 Vita
1557 2902 1604 2936 II.
1632 2901 1653 2936 l.
1681 2911 1708 2936 c.
