<?xml version="1.0" encoding="UTF-8"?>
<!DOCTYPE html PUBLIC "-//W3C//DTD XHTML 1.0 Transitional//EN"
    "http://www.w3.org/TR/xhtml1/DTD/xhtml1-transitional.dtd">
<html xmlns="http://www.w3.org/1999/xhtml" xml:lang="en" lang="en">
 <head>
  <title>
</title>
<meta http-equiv="Content-Type" content="text/html;charset=utf-8" />
  <meta name='ocr-system' content='tesseract 3.04.00' />
  <meta name='ocr-capabilities' content='ocr_page ocr_carea ocr_par ocr_line ocrx_word'/>
</head>
<body>
  <div class='ocr_page' id='page_1' title='image "./dievitaesanctili00altfuoft_0360.png"; bbox 0 0 1801 3213; ppageno 0'>
   <div class='ocr_carea' id='block_1_1' title="bbox 202 134 1156 179">
    <p class='ocr_par' dir='ltr' id='par_1_1' title="bbox 202 134 1156 179">
     <span class='ocr_line' id='line_1_1' title="bbox 202 134 1156 179; baseline -0.004 0"><span class='ocrx_word' id='word_1_1' title='bbox 202 137 287 179; x_wconf 81' lang='lat'>232</span> <span class='ocrx_word' id='word_1_2' title='bbox 780 134 1156 177; x_wconf 84' lang='lat' dir='ltr'>Wunderberichte.</span> 
     </span>
    </p>
   </div>
   <div class='ocr_carea' id='block_1_2' title="bbox 197 250 1801 519">
    <p class='ocr_par' dir='ltr' id='par_1_2' title="bbox 197 250 1801 519">
     <span class='ocr_line' id='line_1_2' title="bbox 201 250 1745 308; baseline -0.003 -11"><span class='ocrx_word' id='word_1_3' title='bbox 201 267 298 308; x_wconf 86' lang='lat' dir='ltr'>quas</span> <span class='ocrx_word' id='word_1_4' title='bbox 330 254 485 306; x_wconf 89' lang='lat' dir='ltr'>habuit,</span> <span class='ocrx_word' id='word_1_5' title='bbox 519 254 689 296; x_wconf 82' lang='lat' dir='ltr'>caelitus</span> <span class='ocrx_word' id='word_1_6' title='bbox 720 254 923 295; x_wconf 83' lang='lat' dir='ltr'>ostensum</span> <span class='ocrx_word' id='word_1_7' title='bbox 959 252 1129 294; x_wconf 88' lang='lat' dir='ltr'>intravit</span> <span class='ocrx_word' id='word_1_8' title='bbox 1160 251 1500 303; x_wconf 86' lang='lat' dir='ltr'>monasteriolum,</span> <span class='ocrx_word' id='word_1_9' title='bbox 1541 250 1611 293; x_wconf 90' lang='lat' dir='ltr'>ubi</span> <span class='ocrx_word' id='word_1_10' title='bbox 1641 250 1745 301; x_wconf 90' lang='lat' dir='ltr'>nisu,</span> 
     </span>
     <span class='ocr_line' id='line_1_3' title="bbox 200 320 1747 379; baseline -0.003 -12"><span class='ocrx_word' id='word_1_11' title='bbox 200 325 349 379; x_wconf 88' lang='lat' dir='ltr'>quanto</span> <span class='ocrx_word' id='word_1_12' title='bbox 379 326 585 379; x_wconf 66' lang='lat' dir='ltr'>poterata,</span> <span class='ocrx_word' id='word_1_13' title='bbox 628 324 784 366; x_wconf 82' lang='lat' dir='ltr'>emissis</span> <span class='ocrx_word' id='word_1_14' title='bbox 816 323 867 365; x_wconf 89' lang='lat' dir='ltr'>ad</span> <span class='ocrx_word' id='word_1_15' title='bbox 898 323 1028 365; x_wconf 91' lang='lat' dir='ltr'>Deum</span> <span class='ocrx_word' id='word_1_16' title='bbox 1070 322 1275 376; x_wconf 84' lang='lat' dir='ltr'>precibus,</span> <span class='ocrx_word' id='word_1_17' title='bbox 1316 321 1536 364; x_wconf 83' lang='lat' dir='ltr'>maximum</span> <span class='ocrx_word' id='word_1_18' title='bbox 1567 320 1747 376; x_wconf 88' lang='lat' dir='ltr'>gutturis</span> 
     </span>
     <span class='ocr_line' id='line_1_4' title="bbox 199 392 1746 447; baseline -0.003 -10"><span class='ocrx_word' id='word_1_19' title='bbox 199 395 354 437; x_wconf 88' lang='lat' dir='ltr'>tedium</span> <span class='ocrx_word' id='word_1_20' title='bbox 387 409 479 438; x_wconf 90' lang='lat' dir='ltr'>cum</span> <span class='ocrx_word' id='word_1_21' title='bbox 510 397 682 437; x_wconf 86' lang='lat' dir='ltr'>tremore</span> <span class='ocrx_word' id='word_1_22' title='bbox 713 407 760 436; x_wconf 91' lang='lat' dir='ltr'>ac</span> <span class='ocrx_word' id='word_1_23' title='bbox 791 393 971 447; x_wconf 87' lang='lat' dir='ltr'>palloreb</span> <span class='ocrx_word' id='word_1_24' title='bbox 1003 394 1064 435; x_wconf 90' lang='lat' dir='ltr'>est</span> <span class='ocrx_word' id='word_1_25' title='bbox 1104 405 1335 447; x_wconf 88' lang='lat' dir='ltr'>perpessus,</span> <span class='ocrx_word' id='word_1_26' title='bbox 1377 393 1513 446; x_wconf 90' lang='lat' dir='ltr'>sicque</span> <span class='ocrx_word' id='word_1_27' title='bbox 1554 392 1746 446; x_wconf 78' lang='lat' dir='ltr'>indepta⁰</span> 
     </span>
     <span class='ocr_line' id='line_1_5' title="bbox 197 462 1801 519; baseline -0.002 -12"><span class='ocrx_word' id='word_1_28' title='bbox 197 466 473 509; x_wconf 73' lang='lat' dir='ltr'>incolomitate</span> <span class='ocrx_word' id='word_1_29' title='bbox 486 467 503 493; x_wconf 76' lang='lat'>‘¹</span> <span class='ocrx_word' id='word_1_30' title='bbox 534 467 575 508; x_wconf 88' lang='lat' dir='ltr'>et</span> <span class='ocrx_word' id='word_1_31' title='bbox 595 467 780 508; x_wconf 88' lang='lat' dir='ltr'>molestia</span> <span class='ocrx_word' id='word_1_32' title='bbox 802 465 932 519; x_wconf 87' lang='lat' dir='ltr'>priore</span> <span class='ocrx_word' id='word_1_33' title='bbox 953 464 1198 518; x_wconf 88' lang='lat' dir='ltr'>posthabita,</span> <span class='ocrx_word' id='word_1_34' title='bbox 1221 463 1350 505; x_wconf 91' lang='lat' dir='ltr'>laetus</span> <span class='ocrx_word' id='word_1_35' title='bbox 1372 463 1568 506; x_wconf 87' lang='lat' dir='ltr'>remeavit</span> <span class='ocrx_word' id='word_1_36' title='bbox 1587 462 1640 505; x_wconf 87' lang='lat' dir='ltr'>ad</span> <span class='ocrx_word' id='word_1_37' title='bbox 1660 475 1746 505; x_wconf 88' lang='lat' dir='ltr'>sua.</span> <span class='ocrx_word' id='word_1_38' title='bbox 1798 490 1801 492; x_wconf 97' lang='lat'>-</span> 
     </span>
    </p>
   </div>
   <div class='ocr_carea' id='block_1_3' title="bbox 928 789 1002 833">
    <p class='ocr_par' dir='ltr' id='par_1_3' title="bbox 928 789 1002 833">
     <span class='ocr_line' id='line_1_6' title="bbox 928 789 1002 833; baseline 0.014 -1"><span class='ocrx_word' id='word_1_39' title='bbox 928 789 1002 833; x_wconf 91' lang='grc' dir='ltr'>ΙΙ.</span> 
     </span>
    </p>
   </div>
   <div class='ocr_carea' id='block_1_4' title="bbox 375 912 1559 970">
    <p class='ocr_par' dir='ltr' id='par_1_4' title="bbox 375 912 1559 970">
     <span class='ocr_line' id='line_1_7' title="bbox 375 912 1559 970; baseline -0.002 -14"><span class='ocrx_word' id='word_1_40' title='bbox 375 914 469 956; x_wconf 76' lang='lat' dir='ltr'>Aus</span> <span class='ocrx_word' id='word_1_41' title='bbox 499 915 591 956; x_wconf 78' lang='lat' dir='ltr'>dem</span> <span class='ocrx_word' id='word_1_42' title='bbox 621 914 722 957; x_wconf 72' lang='lat' dir='ltr'>liber</span> <span class='ocrx_word' id='word_1_43' title='bbox 745 915 1061 970; x_wconf 61' lang='lat' dir='ltr'>privilegiorum</span> <span class='ocrx_word' id='word_1_44' title='bbox 1091 915 1224 957; x_wconf 80' lang='lat' dir='ltr'>maior</span> <span class='ocrx_word' id='word_1_45' title='bbox 1253 927 1330 956; x_wconf 73' lang='lat' dir='ltr'>von</span> <span class='ocrx_word' id='word_1_46' title='bbox 1371 912 1559 955; x_wconf 75' lang='lat' dir='ltr'>Werden.</span> 
     </span>
    </p>
   </div>
   <div class='ocr_carea' id='block_1_5' title="bbox 192 1028 1748 2076">
    <p class='ocr_par' dir='ltr' id='par_1_5' title="bbox 192 1028 1748 2076">
     <span class='ocr_line' id='line_1_8' title="bbox 341 1028 1746 1073; baseline -0.001 -1"><span class='ocrx_word' id='word_1_47' title='bbox 341 1032 405 1073; x_wconf 80' lang='lat'>10.</span> <span class='ocrx_word' id='word_1_48' title='bbox 468 1031 515 1072; x_wconf 84' lang='lat' dir='ltr'>In</span> <span class='ocrx_word' id='word_1_49' title='bbox 547 1031 706 1073; x_wconf 91' lang='lat' dir='ltr'>nomine</span> <span class='ocrx_word' id='word_1_50' title='bbox 738 1031 903 1073; x_wconf 86' lang='lat' dir='ltr'>Domini</span> <span class='ocrx_word' id='word_1_51' title='bbox 945 1031 1074 1073; x_wconf 89' lang='lat' dir='ltr'>nostri</span> <span class='ocrx_word' id='word_1_52' title='bbox 1103 1031 1231 1073; x_wconf 78' lang='lat' dir='ltr'>Jhesu</span> <span class='ocrx_word' id='word_1_53' title='bbox 1263 1029 1426 1072; x_wconf 79' lang='lat' dir='ltr'>Christi.</span> <span class='ocrx_word' id='word_1_54' title='bbox 1488 1029 1571 1071; x_wconf 91' lang='lat' dir='ltr'>Nos</span> <span class='ocrx_word' id='word_1_55' title='bbox 1602 1028 1746 1071; x_wconf 85' lang='lat' dir='ltr'>famuli</span> 
     </span>
     <span class='ocr_line' id='line_1_9' title="bbox 195 1099 1746 1157; baseline -0.003 -11"><span class='ocrx_word' id='word_1_56' title='bbox 195 1103 325 1146; x_wconf 90' lang='lat' dir='ltr'>sancti</span> <span class='ocrx_word' id='word_1_57' title='bbox 357 1102 552 1157; x_wconf 87' lang='lat' dir='ltr'>Liudgeri</span> <span class='ocrx_word' id='word_1_58' title='bbox 598 1102 738 1144; x_wconf 86' lang='lat' dir='ltr'>notum</span> <span class='ocrx_word' id='word_1_59' title='bbox 780 1101 868 1144; x_wconf 91' lang='lat' dir='ltr'>fieri</span> <span class='ocrx_word' id='word_1_60' title='bbox 914 1101 1097 1156; x_wconf 87' lang='lat' dir='ltr'>cupimus</span> <span class='ocrx_word' id='word_1_61' title='bbox 1143 1101 1328 1142; x_wconf 90' lang='lat' dir='ltr'>omnibus</span> <span class='ocrx_word' id='word_1_62' title='bbox 1373 1099 1527 1142; x_wconf 78' lang='lat' dir='ltr'>Christi</span> <span class='ocrx_word' id='word_1_63' title='bbox 1557 1099 1746 1142; x_wconf 87' lang='lat' dir='ltr'>fidelibus</span> 
     </span>
     <span class='ocr_line' id='line_1_10' title="bbox 193 1170 1746 1226; baseline -0.003 -10"><span class='ocrx_word' id='word_1_64' title='bbox 193 1174 469 1217; x_wconf 79' lang='lat' dir='ltr'>miserabilem</span> <span class='ocrx_word' id='word_1_65' title='bbox 491 1173 788 1223; x_wconf 72' lang='lat' dir='ltr'>crudelitatem,</span> <span class='ocrx_word' id='word_1_66' title='bbox 821 1185 940 1226; x_wconf 90' lang='lat' dir='ltr'>quam</span> <span class='ocrx_word' id='word_1_67' title='bbox 973 1172 1156 1214; x_wconf 82' lang='lat' dir='ltr'>fecerunt</span> <span class='ocrx_word' id='word_1_68' title='bbox 1186 1172 1367 1213; x_wconf 90' lang='lat' dir='ltr'>homines</span> <span class='ocrx_word' id='word_1_69' title='bbox 1390 1171 1557 1213; x_wconf 87' lang='lat' dir='ltr'>domnae</span> <span class='ocrx_word' id='word_1_70' title='bbox 1588 1170 1746 1213; x_wconf 69' lang='lat' dir='ltr'>Richil-</span> 
     </span>
     <span class='ocr_line' id='line_1_11' title="bbox 194 1241 1748 1298; baseline -0.003 -11"><span class='ocrx_word' id='word_1_71' title='bbox 194 1246 270 1287; x_wconf 90' lang='lat' dir='ltr'>dae</span> <span class='ocrx_word' id='word_1_72' title='bbox 301 1245 467 1288; x_wconf 88' lang='lat' dir='ltr'>consilio</span> <span class='ocrx_word' id='word_1_73' title='bbox 499 1245 540 1287; x_wconf 89' lang='lat' dir='ltr'>et</span> <span class='ocrx_word' id='word_1_74' title='bbox 570 1244 758 1298; x_wconf 85' lang='lat' dir='ltr'>precepto</span> <span class='ocrx_word' id='word_1_75' title='bbox 790 1243 874 1285; x_wconf 89' lang='lat' dir='ltr'>eius</span> <span class='ocrx_word' id='word_1_76' title='bbox 906 1245 946 1285; x_wconf 93' lang='lat' dir='ltr'>et</span> <span class='ocrx_word' id='word_1_77' title='bbox 977 1243 1213 1285; x_wconf 84' lang='lat' dir='ltr'>Theoderici</span> <span class='ocrx_word' id='word_1_78' title='bbox 1249 1242 1326 1283; x_wconf 90' lang='lat' dir='ltr'>filii</span> <span class='ocrx_word' id='word_1_79' title='bbox 1357 1242 1483 1296; x_wconf 88' lang='lat' dir='ltr'>ipsius</span> <span class='ocrx_word' id='word_1_80' title='bbox 1515 1242 1557 1283; x_wconf 89' lang='lat' dir='ltr'>in</span> <span class='ocrx_word' id='word_1_81' title='bbox 1588 1241 1748 1285; x_wconf 83' lang='lat' dir='ltr'>heredi-</span> 
     </span>
     <span class='ocr_line' id='line_1_12' title="bbox 193 1312 1744 1370; baseline -0.003 -12"><span class='ocrx_word' id='word_1_82' title='bbox 193 1318 279 1359; x_wconf 88' lang='lat' dir='ltr'>tate</span> <span class='ocrx_word' id='word_1_83' title='bbox 326 1315 456 1358; x_wconf 87' lang='lat' dir='ltr'>sancti</span> <span class='ocrx_word' id='word_1_84' title='bbox 501 1315 631 1369; x_wconf 86' lang='lat' dir='ltr'>patris</span> <span class='ocrx_word' id='word_1_85' title='bbox 677 1315 805 1357; x_wconf 86' lang='lat' dir='ltr'>nostri</span> <span class='ocrx_word' id='word_1_86' title='bbox 850 1315 1068 1370; x_wconf 87' lang='lat' dir='ltr'>Liudgeri,</span> <span class='ocrx_word' id='word_1_87' title='bbox 1117 1326 1238 1368; x_wconf 91' lang='lat' dir='ltr'>quam</span> <span class='ocrx_word' id='word_1_88' title='bbox 1286 1314 1393 1355; x_wconf 87' lang='lat' dir='ltr'>circa</span> <span class='ocrx_word' id='word_1_89' title='bbox 1439 1313 1517 1355; x_wconf 86' lang='lat' dir='ltr'>duo</span> <span class='ocrx_word' id='word_1_90' title='bbox 1563 1312 1744 1364; x_wconf 89' lang='lat' dir='ltr'>flumina,</span> 
     </span>
     <span class='ocr_line' id='line_1_13' title="bbox 193 1384 1748 1440; baseline -0.003 -11"><span class='ocrx_word' id='word_1_91' title='bbox 193 1387 481 1429; x_wconf 79' lang='lat' dir='ltr'>Thithelamf¹</span> <span class='ocrx_word' id='word_1_92' title='bbox 513 1386 705 1429; x_wconf 85' lang='lat' dir='ltr'>videlicet</span> <span class='ocrx_word' id='word_1_93' title='bbox 737 1387 778 1428; x_wconf 92' lang='lat' dir='ltr'>et</span> <span class='ocrx_word' id='word_1_94' title='bbox 809 1386 1057 1440; x_wconf 82' lang='lat' dir='ltr'>Navegisam</span> <span class='ocrx_word' id='word_1_95' title='bbox 1079 1386 1094 1410; x_wconf 81' lang='lat'>2</span> <span class='ocrx_word' id='word_1_96' title='bbox 1124 1385 1325 1438; x_wconf 85' lang='lat' dir='ltr'>propriam</span> <span class='ocrx_word' id='word_1_97' title='bbox 1358 1384 1545 1426; x_wconf 86' lang='lat' dir='ltr'>habebat.</span> <span class='ocrx_word' id='word_1_98' title='bbox 1607 1384 1748 1426; x_wconf 87' lang='lat' dir='ltr'>Perfe-</span> 
     </span>
     <span class='ocr_line' id='line_1_14' title="bbox 194 1454 1745 1511; baseline -0.002 -11"><span class='ocrx_word' id='word_1_99' title='bbox 194 1459 336 1501; x_wconf 85' lang='lat' dir='ltr'>cerunt</span> <span class='ocrx_word' id='word_1_100' title='bbox 366 1458 501 1511; x_wconf 89' lang='lat' dir='ltr'>itaque</span> <span class='ocrx_word' id='word_1_101' title='bbox 534 1457 612 1499; x_wconf 88' lang='lat' dir='ltr'>viri</span> <span class='ocrx_word' id='word_1_102' title='bbox 644 1456 772 1510; x_wconf 89' lang='lat' dir='ltr'>iniqui</span> <span class='ocrx_word' id='word_1_103' title='bbox 805 1456 1012 1498; x_wconf 86' lang='lat' dir='ltr'>maliciam</span> <span class='ocrx_word' id='word_1_104' title='bbox 1045 1469 1159 1498; x_wconf 89' lang='lat' dir='ltr'>suam</span> <span class='ocrx_word' id='word_1_105' title='bbox 1199 1456 1270 1498; x_wconf 89' lang='lat' dir='ltr'>illo</span> <span class='ocrx_word' id='word_1_106' title='bbox 1310 1455 1352 1496; x_wconf 89' lang='lat' dir='ltr'>in</span> <span class='ocrx_word' id='word_1_107' title='bbox 1387 1456 1472 1497; x_wconf 89' lang='lat' dir='ltr'>loco</span> <span class='ocrx_word' id='word_1_108' title='bbox 1503 1454 1745 1509; x_wconf 82' lang='lat' dir='ltr'>specialiter,</span> 
     </span>
     <span class='ocr_line' id='line_1_15' title="bbox 193 1526 1747 1582; baseline -0.003 -11"><span class='ocrx_word' id='word_1_109' title='bbox 193 1530 264 1571; x_wconf 90' lang='lat' dir='ltr'>ubi</span> <span class='ocrx_word' id='word_1_110' title='bbox 296 1527 553 1579; x_wconf 87' lang='lat' dir='ltr'>Humfridus,</span> <span class='ocrx_word' id='word_1_111' title='bbox 586 1528 703 1569; x_wconf 90' lang='lat' dir='ltr'>modo</span> <span class='ocrx_word' id='word_1_112' title='bbox 732 1528 942 1582; x_wconf 74' lang='lat' dir='ltr'>presbyter</span> <span class='ocrx_word' id='word_1_113' title='bbox 973 1528 1013 1568; x_wconf 90' lang='lat' dir='ltr'>et</span> <span class='ocrx_word' id='word_1_114' title='bbox 1043 1527 1172 1569; x_wconf 86' lang='lat' dir='ltr'>frater</span> <span class='ocrx_word' id='word_1_115' title='bbox 1204 1527 1350 1577; x_wconf 89' lang='lat' dir='ltr'>noster,</span> <span class='ocrx_word' id='word_1_116' title='bbox 1384 1526 1517 1568; x_wconf 89' lang='lat' dir='ltr'>iussus</span> <span class='ocrx_word' id='word_1_117' title='bbox 1547 1539 1572 1568; x_wconf 90' lang='lat' dir='ltr'>a</span> <span class='ocrx_word' id='word_1_118' title='bbox 1602 1526 1747 1568; x_wconf 87' lang='lat' dir='ltr'>domno</span> 
     </span>
     <span class='ocr_line' id='line_1_16' title="bbox 194 1597 1747 1652; baseline -0.003 -10"><span class='ocrx_word' id='word_1_119' title='bbox 194 1600 383 1643; x_wconf 86' lang='lat' dir='ltr'>Gerfrido</span> <span class='ocrx_word' id='word_1_120' title='bbox 415 1599 598 1652; x_wconf 88' lang='lat' dir='ltr'>episcopo</span> <span class='ocrx_word' id='word_1_121' title='bbox 631 1598 790 1640; x_wconf 89' lang='lat' dir='ltr'>domum</span> <span class='ocrx_word' id='word_1_122' title='bbox 824 1597 1048 1640; x_wconf 88' lang='lat' dir='ltr'>edifficavit</span> <span class='ocrx_word' id='word_1_123' title='bbox 1086 1599 1126 1640; x_wconf 91' lang='lat' dir='ltr'>et</span> <span class='ocrx_word' id='word_1_124' title='bbox 1164 1597 1241 1639; x_wconf 90' lang='lat' dir='ltr'>Dei</span> <span class='ocrx_word' id='word_1_125' title='bbox 1273 1597 1498 1647; x_wconf 85' lang='lat' dir='ltr'>servitium,</span> <span class='ocrx_word' id='word_1_126' title='bbox 1530 1597 1648 1650; x_wconf 85' lang='lat' dir='ltr'>prout</span> <span class='ocrx_word' id='word_1_127' title='bbox 1677 1608 1747 1650; x_wconf 89' lang='lat' dir='ltr'>po-</span> 
     </span>
     <span class='ocr_line' id='line_1_17' title="bbox 192 1666 1745 1722; baseline -0.003 -10"><span class='ocrx_word' id='word_1_128' title='bbox 192 1671 287 1722; x_wconf 89' lang='lat' dir='ltr'>tuit,</span> <span class='ocrx_word' id='word_1_129' title='bbox 321 1671 497 1712; x_wconf 80' lang='lat' dir='ltr'>exercuit</span> <span class='ocrx_word' id='word_1_130' title='bbox 538 1671 578 1712; x_wconf 92' lang='lat' dir='ltr'>et</span> <span class='ocrx_word' id='word_1_131' title='bbox 625 1669 710 1711; x_wconf 89' lang='lat' dir='ltr'>sine</span> <span class='ocrx_word' id='word_1_132' title='bbox 743 1669 916 1711; x_wconf 86' lang='lat' dir='ltr'>alicuius</span> <span class='ocrx_word' id='word_1_133' title='bbox 963 1668 1248 1710; x_wconf 84' lang='lat' dir='ltr'>reclamatione</span> <span class='ocrx_word' id='word_1_134' title='bbox 1294 1667 1472 1722; x_wconf 89' lang='lat' dir='ltr'>possedit</span> <span class='ocrx_word' id='word_1_135' title='bbox 1517 1666 1745 1718; x_wconf 87' lang='lat' dir='ltr'>excolendo,</span> 
     </span>
     <span class='ocr_line' id='line_1_18' title="bbox 193 1737 1746 1792; baseline -0.003 -9"><span class='ocrx_word' id='word_1_136' title='bbox 193 1741 447 1792; x_wconf 86' lang='lat' dir='ltr'>edifficando,</span> <span class='ocrx_word' id='word_1_137' title='bbox 481 1740 764 1783; x_wconf 87' lang='lat' dir='ltr'>fructificando</span> <span class='ocrx_word' id='word_1_138' title='bbox 795 1740 846 1782; x_wconf 90' lang='lat' dir='ltr'>ad</span> <span class='ocrx_word' id='word_1_139' title='bbox 868 1739 1091 1781; x_wconf 88' lang='lat' dir='ltr'>utilitatem</span> <span class='ocrx_word' id='word_1_140' title='bbox 1124 1740 1283 1780; x_wconf 86' lang='lat' dir='ltr'>nostrae</span> <span class='ocrx_word' id='word_1_141' title='bbox 1315 1738 1520 1789; x_wconf 86' lang='lat' dir='ltr'>ecclesiae,</span> <span class='ocrx_word' id='word_1_142' title='bbox 1554 1737 1746 1792; x_wconf 90' lang='lat' dir='ltr'>quamdiu</span> 
     </span>
     <span class='ocr_line' id='line_1_19' title="bbox 193 1808 1745 1864; baseline -0.003 -10"><span class='ocrx_word' id='word_1_143' title='bbox 193 1813 307 1855; x_wconf 86' lang='lat' dir='ltr'>vixit.</span> <span class='ocrx_word' id='word_1_144' title='bbox 372 1812 460 1864; x_wconf 82' lang='lat' dir='ltr'>Quo</span> <span class='ocrx_word' id='word_1_145' title='bbox 492 1812 681 1854; x_wconf 88' lang='lat' dir='ltr'>defuncto</span> <span class='ocrx_word' id='word_1_146' title='bbox 713 1811 854 1853; x_wconf 89' lang='lat' dir='ltr'>domus</span> <span class='ocrx_word' id='word_1_147' title='bbox 886 1810 974 1860; x_wconf 91' lang='lat' dir='ltr'>illa,</span> <span class='ocrx_word' id='word_1_148' title='bbox 1007 1823 1126 1864; x_wconf 91' lang='lat' dir='ltr'>quam</span> <span class='ocrx_word' id='word_1_149' title='bbox 1160 1810 1393 1860; x_wconf 82' lang='lat' dir='ltr'>edifficavit,</span> <span class='ocrx_word' id='word_1_150' title='bbox 1426 1808 1585 1851; x_wconf 90' lang='lat' dir='ltr'>tamdiu</span> <span class='ocrx_word' id='word_1_151' title='bbox 1616 1808 1745 1860; x_wconf 85' lang='lat' dir='ltr'>stetit,</span> 
     </span>
     <span class='ocr_line' id='line_1_20' title="bbox 193 1879 1746 1937; baseline -0.003 -12"><span class='ocrx_word' id='word_1_152' title='bbox 193 1883 450 1937; x_wconf 88' lang='lat' dir='ltr'>quoadusque</span> <span class='ocrx_word' id='word_1_153' title='bbox 481 1883 608 1924; x_wconf 86' lang='lat' dir='ltr'>nimia</span> <span class='ocrx_word' id='word_1_154' title='bbox 641 1883 844 1924; x_wconf 86' lang='lat' dir='ltr'>vetustate</span> <span class='ocrx_word' id='word_1_155' title='bbox 877 1881 1037 1923; x_wconf 84' lang='lat' dir='ltr'>defecit.</span> <span class='ocrx_word' id='word_1_156' title='bbox 1088 1881 1244 1922; x_wconf 86' lang='lat' dir='ltr'>Deinde</span> <span class='ocrx_word' id='word_1_157' title='bbox 1267 1893 1358 1922; x_wconf 86' lang='lat' dir='ltr'>vero</span> <span class='ocrx_word' id='word_1_158' title='bbox 1391 1880 1580 1922; x_wconf 71' lang='lat' dir='ltr'>defuncto</span> <span class='ocrx_word' id='word_1_159' title='bbox 1601 1879 1746 1921; x_wconf 88' lang='lat' dir='ltr'>domno</span> 
     </span>
     <span class='ocr_line' id='line_1_21' title="bbox 193 1950 1746 2005; baseline -0.003 -9"><span class='ocrx_word' id='word_1_160' title='bbox 193 1953 381 1997; x_wconf 88' lang='lat' dir='ltr'>Gerfrido</span> <span class='ocrx_word' id='word_1_161' title='bbox 408 1955 447 1996; x_wconf 89' lang='lat' dir='ltr'>et</span> <span class='ocrx_word' id='word_1_162' title='bbox 469 1953 658 1995; x_wconf 86' lang='lat' dir='ltr'>defuncto</span> <span class='ocrx_word' id='word_1_163' title='bbox 681 1953 826 1995; x_wconf 87' lang='lat' dir='ltr'>domno</span> <span class='ocrx_word' id='word_1_164' title='bbox 848 1953 1069 1995; x_wconf 72' lang='lat' dir='ltr'>Aldfridog</span> <span class='ocrx_word' id='word_1_165' title='bbox 1096 1952 1291 2005; x_wconf 84' lang='lat' dir='ltr'>episcopO,</span> <span class='ocrx_word' id='word_1_166' title='bbox 1319 1951 1387 2004; x_wconf 90' lang='lat' dir='ltr'>qui</span> <span class='ocrx_word' id='word_1_167' title='bbox 1413 1952 1503 2004; x_wconf 89' lang='lat' dir='ltr'>post</span> <span class='ocrx_word' id='word_1_168' title='bbox 1525 1963 1616 1992; x_wconf 90' lang='lat' dir='ltr'>eum</span> <span class='ocrx_word' id='word_1_169' title='bbox 1638 1950 1746 2005; x_wconf 86' lang='lat' dir='ltr'>regi-</span> 
     </span>
     <span class='ocr_line' id='line_1_22' title="bbox 192 2021 1744 2076; baseline -0.003 -9"><span class='ocrx_word' id='word_1_170' title='bbox 192 2037 285 2067; x_wconf 87' lang='lat' dir='ltr'>men</span> <span class='ocrx_word' id='word_1_171' title='bbox 316 2024 535 2067; x_wconf 87' lang='lat' dir='ltr'>aecclesiae</span> <span class='ocrx_word' id='word_1_172' title='bbox 555 2025 716 2066; x_wconf 85' lang='lat' dir='ltr'>nostrae</span> <span class='ocrx_word' id='word_1_173' title='bbox 747 2024 892 2075; x_wconf 89' lang='lat' dir='ltr'>tenuit,</span> <span class='ocrx_word' id='word_1_174' title='bbox 924 2023 1087 2065; x_wconf 88' lang='lat' dir='ltr'>iubente</span> <span class='ocrx_word' id='word_1_175' title='bbox 1116 2022 1264 2064; x_wconf 88' lang='lat' dir='ltr'>iterum</span> <span class='ocrx_word' id='word_1_176' title='bbox 1287 2021 1491 2076; x_wconf 86' lang='lat' dir='ltr'>Liudgero</span> <span class='ocrx_word' id='word_1_177' title='bbox 1522 2021 1744 2074; x_wconf 64' lang='lat' dir='ltr'>iuniorihss,</span> 
     </span>
    </p>
   </div>
   <div class='ocr_carea' id='block_1_6' title="bbox 191 2138 1747 2245">
    <p class='ocr_par' dir='ltr' id='par_1_6' title="bbox 191 2138 1747 2245">
     <span class='ocr_line' id='line_1_23' title="bbox 335 2138 1746 2186; baseline -0.001 -10"><span class='ocrx_word' id='word_1_178' title='bbox 335 2150 352 2167; x_wconf 61' lang='grc' dir='ltr'><strong>ὃ</strong></span> <span class='ocrx_word' id='word_1_179' title='bbox 375 2141 496 2186; x_wconf 87' lang='lat' dir='ltr'>potuit</span> <span class='ocrx_word' id='word_1_180' title='bbox 519 2142 612 2177; x_wconf 75' lang='lat' dir='ltr'>Bon.</span> <span class='ocrx_word' id='word_1_181' title='bbox 650 2161 693 2165; x_wconf 97' lang='lat'><strong>—</strong></span> <span class='ocrx_word' id='word_1_182' title='bbox 732 2141 748 2166; x_wconf 84' lang='lat' dir='ltr'>b</span> <span class='ocrx_word' id='word_1_183' title='bbox 785 2151 914 2185; x_wconf 89' lang='lat' dir='ltr'>pavore</span> <span class='ocrx_word' id='word_1_184' title='bbox 939 2141 1034 2175; x_wconf 77' lang='lat' dir='ltr'>Bon.</span> <span class='ocrx_word' id='word_1_185' title='bbox 1073 2159 1116 2163; x_wconf 85' lang='lat'>—</span> <span class='ocrx_word' id='word_1_186' title='bbox 1152 2147 1167 2165; x_wconf 73' lang='lat'>0</span> <span class='ocrx_word' id='word_1_187' title='bbox 1192 2138 1323 2183; x_wconf 85' lang='lat' dir='ltr'>adepta</span> <span class='ocrx_word' id='word_1_188' title='bbox 1351 2139 1391 2174; x_wconf 82' lang='lat' dir='ltr'>T.</span> <span class='ocrx_word' id='word_1_189' title='bbox 1418 2138 1510 2173; x_wconf 79' lang='lat' dir='ltr'>Msc.</span> <span class='ocrx_word' id='word_1_190' title='bbox 1534 2138 1592 2174; x_wconf 87' lang='grc' dir='ltr'>ΙΙ.</span> <span class='ocrx_word' id='word_1_191' title='bbox 1617 2141 1673 2174; x_wconf 81' lang='grc'>12.</span> <span class='ocrx_word' id='word_1_192' title='bbox 1701 2158 1746 2163; x_wconf 90' lang='lat'>——</span> 
     </span>
     <span class='ocr_line' id='line_1_24' title="bbox 191 2197 1747 2245; baseline -0.002 -9"><span class='ocrx_word' id='word_1_193' title='bbox 191 2201 210 2227; x_wconf 76' lang='lat' dir='ltr'>d</span> <span class='ocrx_word' id='word_1_194' title='bbox 233 2200 484 2236; x_wconf 83' lang='lat' dir='ltr'>incolumitate</span> <span class='ocrx_word' id='word_1_195' title='bbox 513 2200 552 2234; x_wconf 83' lang='lat' dir='ltr'>T.</span> <span class='ocrx_word' id='word_1_196' title='bbox 579 2220 622 2225; x_wconf 90' lang='lat'>——</span> <span class='ocrx_word' id='word_1_197' title='bbox 649 2207 664 2226; x_wconf 65' lang='grc' dir='ltr'>θ</span> <span class='ocrx_word' id='word_1_198' title='bbox 689 2201 750 2235; x_wconf 74' lang='lat' dir='ltr'>lib.</span> <span class='ocrx_word' id='word_1_199' title='bbox 769 2200 896 2245; x_wconf 75' lang='lat' dir='ltr'>privil.</span> <span class='ocrx_word' id='word_1_200' title='bbox 921 2200 1007 2234; x_wconf 79' lang='lat' dir='ltr'>mai.</span> <span class='ocrx_word' id='word_1_201' title='bbox 1032 2199 1094 2242; x_wconf 81' lang='lat' dir='ltr'>fol.</span> <span class='ocrx_word' id='word_1_202' title='bbox 1122 2201 1189 2242; x_wconf 80' lang='lat'>12,·</span> <span class='ocrx_word' id='word_1_203' title='bbox 1213 2199 1279 2233; x_wconf 76' lang='lat' dir='ltr'>mit</span> <span class='ocrx_word' id='word_1_204' title='bbox 1302 2197 1479 2233; x_wconf 74' lang='lat' dir='ltr'>manchen</span> <span class='ocrx_word' id='word_1_205' title='bbox 1503 2197 1747 2233; x_wconf 67' lang='lat' dir='ltr'>Abdnderun-</span> 
     </span>
    </p>
   </div>
   <div class='ocr_carea' id='block_1_7' title="bbox 189 2255 1746 2360">
    <p class='ocr_par' dir='ltr' id='par_1_7' title="bbox 189 2255 1746 2360">
     <span class='ocr_line' id='line_1_25' title="bbox 189 2255 1746 2306; baseline -0.003 -10"><span class='ocrx_word' id='word_1_206' title='bbox 189 2271 259 2306; x_wconf 72' lang='lat' dir='ltr'>=qen</span> <span class='ocrx_word' id='word_1_207' title='bbox 284 2261 338 2296; x_wconf 85' lang='lat' dir='ltr'>bei</span> <span class='ocrx_word' id='word_1_208' title='bbox 364 2259 460 2296; x_wconf 76' lang='lat' dir='ltr'>Oine.</span> <span class='ocrx_word' id='word_1_209' title='bbox 488 2260 544 2295; x_wconf 79' lang='lat' dir='ltr'>als</span> <span class='ocrx_word' id='word_1_210' title='bbox 568 2270 596 2295; x_wconf 86' lang='lat' dir='ltr'>c.</span> <span class='ocrx_word' id='word_1_211' title='bbox 617 2261 668 2293; x_wconf 83' lang='lat'>32</span> <span class='ocrx_word' id='word_1_212' title='bbox 693 2259 754 2294; x_wconf 78' lang='lat' dir='ltr'>des</span> <span class='ocrx_word' id='word_1_213' title='bbox 778 2259 925 2294; x_wconf 74' lang='lat' dir='ltr'>zweiten</span> <span class='ocrx_word' id='word_1_214' title='bbox 952 2257 1102 2293; x_wconf 79' lang='lat' dir='ltr'>Theiles.</span> <span class='ocrx_word' id='word_1_215' title='bbox 1130 2277 1173 2282; x_wconf 96' lang='lat'>—</span> <span class='ocrx_word' id='word_1_216' title='bbox 1200 2256 1213 2282; x_wconf 79' lang='lat' dir='ltr'><strong>f</strong></span> <span class='ocrx_word' id='word_1_217' title='bbox 1235 2268 1325 2292; x_wconf 75' lang='lat' dir='ltr'>corr.</span> <span class='ocrx_word' id='word_1_218' title='bbox 1352 2258 1401 2291; x_wconf 82' lang='lat' dir='ltr'>im</span> <span class='ocrx_word' id='word_1_219' title='bbox 1425 2257 1515 2292; x_wconf 73' lang='lat' dir='ltr'>liber</span> <span class='ocrx_word' id='word_1_220' title='bbox 1534 2257 1654 2301; x_wconf 79' lang='lat' dir='ltr'>priv.;</span> <span class='ocrx_word' id='word_1_221' title='bbox 1679 2255 1746 2291; x_wconf 85' lang='lat' dir='ltr'>Te-</span> 
     </span>
     <span class='ocr_line' id='line_1_26' title="bbox 191 2315 1746 2360; baseline -0.003 -7"><span class='ocrx_word' id='word_1_222' title='bbox 191 2318 307 2353; x_wconf 87' lang='lat' dir='ltr'>delam</span> <span class='ocrx_word' id='word_1_223' title='bbox 334 2317 432 2354; x_wconf 80' lang='lat' dir='ltr'>Cinc.</span> <span class='ocrx_word' id='word_1_224' title='bbox 458 2338 502 2343; x_wconf 91' lang='lat'>—</span> <span class='ocrx_word' id='word_1_225' title='bbox 528 2326 546 2352; x_wconf 79' lang='lat' dir='ltr'><strong>g</strong></span> <span class='ocrx_word' id='word_1_226' title='bbox 570 2317 678 2353; x_wconf 87' lang='lat' dir='ltr'>Altfr.</span> <span class='ocrx_word' id='word_1_227' title='bbox 707 2317 805 2353; x_wconf 80' lang='lat' dir='ltr'>Oine.</span> <span class='ocrx_word' id='word_1_228' title='bbox 838 2336 882 2341; x_wconf 87' lang='lat'><em>-</em></span> <span class='ocrx_word' id='word_1_229' title='bbox 916 2317 934 2343; x_wconf 81' lang='lat' dir='ltr'>h</span> <span class='ocrx_word' id='word_1_230' title='bbox 959 2316 1114 2352; x_wconf 87' lang='lat' dir='ltr'>creditur</span> <span class='ocrx_word' id='word_1_231' title='bbox 1140 2315 1204 2350; x_wconf 86' lang='lat' dir='ltr'>sub</span> <span class='ocrx_word' id='word_1_232' title='bbox 1230 2315 1444 2360; x_wconf 84' lang='lat' dir='ltr'>hildegrimo</span> <span class='ocrx_word' id='word_1_233' title='bbox 1469 2315 1607 2350; x_wconf 88' lang='lat' dir='ltr'>iuniore</span> <span class='ocrx_word' id='word_1_234' title='bbox 1631 2315 1746 2350; x_wconf 84' lang='lat' dir='ltr'>conti-</span> 
     </span>
    </p>
   </div>
   <div class='ocr_carea' id='block_1_8' title="bbox 189 2373 1745 2481">
    <p class='ocr_par' dir='ltr' id='par_1_8' title="bbox 189 2373 1745 2481">
     <span class='ocr_line' id='line_1_27' title="bbox 190 2373 1745 2423; baseline -0.003 -11"><span class='ocrx_word' id='word_1_235' title='bbox 190 2377 297 2422; x_wconf 85' lang='lat' dir='ltr'>gisse,</span> <span class='ocrx_word' id='word_1_236' title='bbox 324 2377 384 2423; x_wconf 90' lang='lat' dir='ltr'>qui</span> <span class='ocrx_word' id='word_1_237' title='bbox 410 2378 558 2422; x_wconf 89' lang='lat' dir='ltr'>quartus</span> <span class='ocrx_word' id='word_1_238' title='bbox 583 2377 672 2412; x_wconf 89' lang='lat' dir='ltr'>hane</span> <span class='ocrx_word' id='word_1_239' title='bbox 698 2377 791 2411; x_wconf 82' lang='lat' dir='ltr'>rexit</span> <span class='ocrx_word' id='word_1_240' title='bbox 816 2376 1001 2411; x_wconf 85' lang='lat' dir='ltr'>ecclesiam</span> <span class='ocrx_word' id='word_1_241' title='bbox 1026 2378 1107 2421; x_wconf 82' lang='lat' dir='ltr'>post</span> <span class='ocrx_word' id='word_1_242' title='bbox 1133 2374 1338 2410; x_wconf 88' lang='lat' dir='ltr'>Gerfridum</span> <span class='ocrx_word' id='word_1_243' title='bbox 1364 2386 1395 2410; x_wconf 86' lang='lat' dir='ltr'>a.</span> <span class='ocrx_word' id='word_1_244' title='bbox 1423 2374 1470 2410; x_wconf 88' lang='lat' dir='ltr'>R.</span> <span class='ocrx_word' id='word_1_245' title='bbox 1487 2375 1547 2409; x_wconf 75' lang='lat' dir='ltr'>zib.</span> <span class='ocrx_word' id='word_1_246' title='bbox 1569 2385 1640 2419; x_wconf 76' lang='lat' dir='ltr'>pr5</span> <span class='ocrx_word' id='word_1_247' title='bbox 1664 2373 1745 2408; x_wconf 92' lang='lat' dir='ltr'>Hil-</span> 
     </span>
     <span class='ocr_line' id='line_1_28' title="bbox 189 2435 693 2481; baseline -0.002 -11"><span class='ocrx_word' id='word_1_248' title='bbox 189 2435 349 2480; x_wconf 82' lang='lat' dir='ltr'>‹legrimo</span> <span class='ocrx_word' id='word_1_249' title='bbox 374 2436 568 2481; x_wconf 84' lang='lat' dir='ltr'>posteriore</span> <span class='ocrx_word' id='word_1_250' title='bbox 596 2435 693 2472; x_wconf 73' lang='lat' dir='ltr'>Cina.</span> 
     </span>
    </p>
   </div>
   <div class='ocr_carea' id='block_1_9' title="bbox 192 2522 474 2528">
    <p class='ocr_par' dir='ltr' id='par_1_9' title="bbox 192 2522 474 2528">
     <span class='ocr_line' id='line_1_29' title="bbox 192 2522 474 2528; baseline 0 0"><span class='ocrx_word' id='word_1_251' title='bbox 192 2522 474 2528; x_wconf 95' lang='lat' dir='ltr'> </span> 
     </span>
    </p>
   </div>
   <div class='ocr_carea' id='block_1_10' title="bbox 189 2573 1745 2917">
    <p class='ocr_par' dir='ltr' id='par_1_10' title="bbox 190 2573 1745 2679">
     <span class='ocr_line' id='line_1_30' title="bbox 334 2573 1745 2623; baseline -0.001 -11"><span class='ocrx_word' id='word_1_252' title='bbox 334 2578 368 2623; x_wconf 90' lang='lat'>1)</span> <span class='ocrx_word' id='word_1_253' title='bbox 393 2578 464 2612; x_wconf 83' lang='lat' dir='ltr'>Dei·</span> <span class='ocrx_word' id='word_1_254' title='bbox 489 2576 674 2617; x_wconf 85' lang='lat' dir='ltr'>Deilbach,</span> <span class='ocrx_word' id='word_1_255' title='bbox 711 2577 860 2612; x_wconf 86' lang='lat' dir='ltr'>welcher</span> <span class='ocrx_word' id='word_1_256' title='bbox 885 2577 942 2612; x_wconf 91' lang='lat' dir='ltr'>bei</span> <span class='ocrx_word' id='word_1_257' title='bbox 968 2576 1204 2621; x_wconf 86' lang='lat' dir='ltr'>Langenberg</span> <span class='ocrx_word' id='word_1_258' title='bbox 1230 2576 1267 2610; x_wconf 94' lang='lat' dir='ltr'>in</span> <span class='ocrx_word' id='word_1_259' title='bbox 1294 2575 1351 2610; x_wconf 91' lang='lat' dir='ltr'>die</span> <span class='ocrx_word' id='word_1_260' title='bbox 1377 2575 1476 2610; x_wconf 83' lang='lat' dir='ltr'>Ruhr</span> <span class='ocrx_word' id='word_1_261' title='bbox 1500 2574 1660 2617; x_wconf 63' lang='lat' dir='ltr'>mundet,</span> <span class='ocrx_word' id='word_1_262' title='bbox 1686 2573 1745 2610; x_wconf 87' lang='lat' dir='ltr'>die</span> 
     </span>
     <span class='ocr_line' id='line_1_31' title="bbox 190 2635 1484 2679; baseline -0.004 -6"><span class='ocrx_word' id='word_1_263' title='bbox 190 2636 325 2673; x_wconf 85' lang='lat' dir='ltr'>Grenze</span> <span class='ocrx_word' id='word_1_264' title='bbox 351 2636 523 2671; x_wconf 87' lang='lat' dir='ltr'>zwischen</span> <span class='ocrx_word' id='word_1_265' title='bbox 549 2635 628 2670; x_wconf 89' lang='lat' dir='ltr'>dem</span> <span class='ocrx_word' id='word_1_266' title='bbox 653 2635 865 2679; x_wconf 88' lang='lat' dir='ltr'>bergischen</span> <span class='ocrx_word' id='word_1_267' title='bbox 890 2635 961 2670; x_wconf 88' lang='lat' dir='ltr'>und</span> <span class='ocrx_word' id='word_1_268' title='bbox 987 2635 1211 2671; x_wconf 68' lang='lat' dir='ltr'>markischen</span> <span class='ocrx_word' id='word_1_269' title='bbox 1238 2635 1484 2669; x_wconf 85' lang='lat' dir='ltr'>Territorium.</span> 
     </span>
    </p>

    <p class='ocr_par' dir='ltr' id='par_1_11' title="bbox 189 2693 1745 2858">
     <span class='ocr_line' id='line_1_32' title="bbox 332 2693 1745 2741; baseline -0.002 -10"><span class='ocrx_word' id='word_1_270' title='bbox 332 2696 368 2741; x_wconf 81' lang='lat'>2)</span> <span class='ocrx_word' id='word_1_271' title='bbox 393 2695 465 2731; x_wconf 88' lang='lat' dir='ltr'>Der</span> <span class='ocrx_word' id='word_1_272' title='bbox 489 2695 586 2730; x_wconf 78' lang='lat' dir='ltr'>Bach</span> <span class='ocrx_word' id='word_1_273' title='bbox 612 2705 679 2729; x_wconf 87' lang='lat' dir='ltr'>von</span> <span class='ocrx_word' id='word_1_274' title='bbox 704 2694 874 2739; x_wconf 85' lang='lat' dir='ltr'>Neviges,</span> <span class='ocrx_word' id='word_1_275' title='bbox 904 2694 966 2729; x_wconf 88' lang='lat' dir='ltr'>Kr.</span> <span class='ocrx_word' id='word_1_276' title='bbox 991 2695 1207 2729; x_wconf 87' lang='lat' dir='ltr'>Mettmann.</span> <span class='ocrx_word' id='word_1_277' title='bbox 1256 2693 1366 2729; x_wconf 87' lang='lat' dir='ltr'>Beide</span> <span class='ocrx_word' id='word_1_278' title='bbox 1400 2693 1517 2728; x_wconf 69' lang='lat' dir='ltr'>Bache</span> <span class='ocrx_word' id='word_1_279' title='bbox 1542 2693 1680 2729; x_wconf 83' lang='lat' dir='ltr'>werden</span> <span class='ocrx_word' id='word_1_280' title='bbox 1705 2693 1745 2728; x_wconf 89' lang='lat' dir='ltr'>in</span> 
     </span>
     <span class='ocr_line' id='line_1_33' title="bbox 190 2751 1745 2799; baseline -0.002 -9"><span class='ocrx_word' id='word_1_281' title='bbox 190 2754 270 2790; x_wconf 88' lang='lat' dir='ltr'>dem</span> <span class='ocrx_word' id='word_1_282' title='bbox 295 2755 438 2799; x_wconf 88' lang='lat' dir='ltr'>Diplom</span> <span class='ocrx_word' id='word_1_283' title='bbox 463 2753 670 2789; x_wconf 85' lang='lat' dir='ltr'>Erzbischof</span> <span class='ocrx_word' id='word_1_284' title='bbox 691 2753 894 2789; x_wconf 84' lang='lat' dir='ltr'>Williberts</span> <span class='ocrx_word' id='word_1_285' title='bbox 919 2764 988 2789; x_wconf 88' lang='lat' dir='ltr'>von</span> <span class='ocrx_word' id='word_1_286' title='bbox 1013 2754 1108 2788; x_wconf 67' lang='lat' dir='ltr'>Koln</span> <span class='ocrx_word' id='word_1_287' title='bbox 1142 2763 1210 2788; x_wconf 88' lang='lat' dir='ltr'>von</span> <span class='ocrx_word' id='word_1_288' title='bbox 1234 2753 1304 2788; x_wconf 83' lang='lat'>875</span> <span class='ocrx_word' id='word_1_289' title='bbox 1329 2753 1382 2788; x_wconf 83' lang='lat' dir='ltr'>als</span> <span class='ocrx_word' id='word_1_290' title='bbox 1407 2752 1566 2788; x_wconf 88' lang='lat' dir='ltr'>Grenzen</span> <span class='ocrx_word' id='word_1_291' title='bbox 1591 2751 1652 2787; x_wconf 89' lang='lat' dir='ltr'>des</span> <span class='ocrx_word' id='word_1_292' title='bbox 1676 2751 1745 2788; x_wconf 87' lang='lat' dir='ltr'>Be-</span> 
     </span>
     <span class='ocr_line' id='line_1_34' title="bbox 189 2812 1389 2858; baseline -0.002 -9"><span class='ocrx_word' id='word_1_293' title='bbox 189 2814 303 2850; x_wconf 85' lang='lat' dir='ltr'>zirkes</span> <span class='ocrx_word' id='word_1_294' title='bbox 328 2815 501 2858; x_wconf 87' lang='lat' dir='ltr'>genannt,</span> <span class='ocrx_word' id='word_1_295' title='bbox 527 2823 591 2848; x_wconf 86' lang='lat' dir='ltr'>aus</span> <span class='ocrx_word' id='word_1_296' title='bbox 616 2812 694 2848; x_wconf 90' lang='lat' dir='ltr'>dem</span> <span class='ocrx_word' id='word_1_297' title='bbox 721 2812 782 2847; x_wconf 89' lang='lat' dir='ltr'>der</span> <span class='ocrx_word' id='word_1_298' title='bbox 807 2813 967 2848; x_wconf 84' lang='lat' dir='ltr'>Zehnten</span> <span class='ocrx_word' id='word_1_299' title='bbox 992 2823 1039 2847; x_wconf 90' lang='lat' dir='ltr'>an</span> <span class='ocrx_word' id='word_1_300' title='bbox 1063 2812 1127 2847; x_wconf 82' lang='lat' dir='ltr'>das</span> <span class='ocrx_word' id='word_1_301' title='bbox 1151 2812 1296 2847; x_wconf 84' lang='lat' dir='ltr'>Kloster</span> <span class='ocrx_word' id='word_1_302' title='bbox 1320 2812 1389 2847; x_wconf 85' lang='lat' dir='ltr'>fiel.</span> 
     </span>
    </p>

    <p class='ocr_par' dir='ltr' id='par_1_12' title="bbox 333 2869 1743 2917">
     <span class='ocr_line' id='line_1_35' title="bbox 333 2869 1743 2917; baseline -0.002 -10"><span class='ocrx_word' id='word_1_303' title='bbox 333 2874 368 2917; x_wconf 92' lang='lat'>3)</span> <span class='ocrx_word' id='word_1_304' title='bbox 394 2873 491 2907; x_wconf 85' lang='lat' dir='ltr'>Muss</span> <span class='ocrx_word' id='word_1_305' title='bbox 517 2871 676 2907; x_wconf 86' lang='lat' dir='ltr'>heissen:</span> <span class='ocrx_word' id='word_1_306' title='bbox 704 2871 913 2915; x_wconf 86' lang='lat' dir='ltr'>Hildigrim,</span> <span class='ocrx_word' id='word_1_307' title='bbox 939 2870 1063 2906; x_wconf 84' lang='lat' dir='ltr'>dessen</span> <span class='ocrx_word' id='word_1_308' title='bbox 1088 2869 1476 2915; x_wconf 84' lang='lat' dir='ltr'>Verwaltungsbeginn</span> <span class='ocrx_word' id='word_1_309' title='bbox 1501 2869 1665 2905; x_wconf 81' lang='lat' dir='ltr'>unsieher</span> <span class='ocrx_word' id='word_1_310' title='bbox 1682 2869 1743 2904; x_wconf 82' lang='lat' dir='ltr'>ist.</span> 
     </span>
    </p>
   </div>
  </div>
 </body>
</html>
