1801 3213
439 120 537 163 Vita
567 121 717 176 rythm.
750 134 782 164 s.
816 121 1011 176 Liudgeri
1041 121 1112 166 let.
1143 121 1217 164 111.

515 359 686 404 Incipit
716 360 908 396 Letania
938 360 1083 396 tercia
1099 358 1128 397 ¹.

258 459 527 505 Liudgeri2
551 461 707 505 gloria
733 462 771 496 in
797 461 922 496 celesti
948 462 1045 496 curia

329 519 530 563 fruitur,
557 531 626 565 qua
652 520 788 555 cunctis
814 521 884 555 iam
910 521 1102 556 ammixtus
1128 521 1261 556 sanctis

257 578 325 613 Per
350 579 466 623 ipsum
491 579 681 614 Dominum
709 578 819 613 habet
846 580 1178 622 testimonium,

327 638 388 683 qui
414 637 545 683 ubique
570 639 713 682 magnis
738 637 903 682 pandit
928 649 1003 672 eam
1035 639 1199 683 signis.

155 698 193 741 5·
255 696 373 732 Multa
400 698 438 731 et
463 697 562 732 varia
587 707 669 731 nam
696 699 780 731 sunt
806 697 979 731 salutaria

327 755 384 790 ad
410 756 511 791 eius
535 756 826 800 sepulchrum
854 755 1082 801 frequentata
1107 756 1272 793 multum.

259 814 334 858 Que
360 814 401 850 de
427 814 617 849 celestibus
643 816 728 849 sunt
755 814 840 849 data
866 815 1095 850 terrestribus

326 875 484 918 graciam
508 884 570 918 per
595 873 661 908 Dei
687 874 826 908 meritis
852 874 1036 918 Liudgeri.

257 931 341 967 Tot
366 934 485 967 enim
511 933 692 968 salutes
718 933 835 976 egroti
861 935 898 967 et
924 932 1058 968 debiles

126 993 192 1034 10-
327 1003 379 1038 ibi
406 1006 646 1048 susceperunt,
677 993 780 1047 qUOd
813 1006 890 1034 non
921 995 1138 1046 potuerunt

254 1063 441 1106 Perfecte
472 1064 646 1106 scribere
677 1066 760 1106 tres
793 1065 1010 1118 scriptores
1041 1066 1137 1106 ante
1170 1078 1234 1107 me
1252 1066 1280 1115 3,

325 1135 429 1188 quod
463 1136 503 1177 et
534 1137 702 1189 quartus
733 1149 807 1191 ego
840 1149 953 1189 posse
985 1149 1048 1177 me
1082 1136 1260 1190 despero.

255 1205 408 1247 Tamen
440 1206 588 1260 incipio
621 1207 783 1255 iterum,
818 1208 863 1248 ut
895 1207 1022 1257 valeo,

326 1277 545 1319 adiuvante
577 1276 738 1319 Christo
769 1278 810 1319 et
842 1277 1043 1332 Liudgero
1074 1278 1173 1331 ipso,

126 1348 192 1392 15.
255 1347 333 1400 Qui
366 1348 707 1402 condignissimus
742 1348 803 1389 vel
837 1349 952 1390 vivus
984 1349 1048 1390 vel
1080 1350 1261 1391 mortuus

324 1419 447 1462 scribi
481 1420 528 1462 de
561 1433 601 1462 se
632 1420 761 1473 poscit
791 1419 882 1473 plus
915 1432 1036 1473 quam
1069 1419 1177 1462 ullus
1208 1420 1347 1474 possit.

184 1502 213 1537 1.
252 1501 416 1537 Mortuus
441 1502 557 1546 igitur
582 1501 793 1545 Liudgerus,
825 1492 871 1532 Ul]
901 1491 1067 1545 legitur,

321 1561 414 1595 sicut
439 1560 521 1595 dum
547 1561 705 1603 vivebat,
732 1561 857 1596 multis
882 1560 1119 1603 succurrebat,

252 1619 390 1655 Docens
414 1621 597 1665 perspicue
623 1623 764 1656 sanctos
789 1623 909 1655 tamen
937 1621 1067 1665 vivere,

120 1681 192 1724 20,
327 1680 490 1725 quamvis
514 1680 714 1714 moriantur
740 1682 778 1714 et
802 1679 1032 1724 sepeliantur.

255 1739 342 1782 HOC
373 1750 518 1796 quidam
544 1753 701 1796 tempore
727 1750 1058 1795 Hirmingerus
1083 1750 1264 1785 nomine

322 1810 439 1844 caruit
464 1821 605 1845 suorum
631 1810 707 1844 luce
732 1809 999 1858 oculorumfi
1020 1836 1027 1845 .
1057 1839 1064 1845 .
1092 1837 1100 1845 .
1128 1836 1136 1844 .

186 1888 229 1892 —
255 1867 343 1903 Ecce
369 1869 594 1904 continuo
619 1880 681 1914 pro
708 1868 839 1904 dilecto
865 1868 997 1903 famulo

322 1928 496 1963 Dominus
521 1928 700 1973 Liudgero
726 1929 840 1963 visum
875 1927 976 1963 dedit
1001 1919 1090 1970 ceco,

121 1987 188 2029 75,
250 1986 303 2022 Ut
328 1987 389 2032 qui
414 1987 468 2022 nil
494 1986 644 2029 viderat,
671 1987 811 2032 quando
837 1986 913 2023 dies
937 1987 1067 2029 fuerat,

321 2056 400 2081 cum
426 2047 498 2081 iam
523 2057 590 2081 nox
614 2047 752 2088 fuisset,
779 2048 913 2092 optime
939 2046 1101 2082 vidisset.

182 2106 213 2140 2.
251 2104 419 2141 Eadem
445 2106 585 2141 etiam
612 2106 771 2141 noctc⁵
797 2133 805 2142 .
832 2133 876 2141 ..

250 2184 290 2190 —
314 2165 444 2200 merita
470 2165 640 2210 Liudgeri
666 2165 872 2201 cenfessoris
902 2165 981 2201 Dei.

180 2281 214 2317 4.
241 2282 303 2328 qui
328 2294 418 2319 corr.
439 2285 478 2319 T.
507 2303 550 2309 -—
582 2285 635 2319 12.
663 2294 752 2319 corr.
779 2285 820 2318 in
850 2285 937 2328 quot
965 2283 1004 2318 T.

1520 124 1606 166 209

181 2449 216 2494 1)
241 2448 305 2483 Bei
331 2448 392 2484 der
415 2448 620 2494 Abfassung
657 2449 717 2484 der
752 2449 889 2484 dritten
921 2449 1075 2484 Letania
1112 2449 1162 2483 ist
1199 2447 1261 2483 der
1297 2447 1447 2483 Dichter
1471 2448 1509 2483 in
1534 2447 1599 2484 der

180 2686 216 2730 2)
242 2685 329 2720 Vita
354 2686 423 2721 III.
451 2686 512 2722 lib.
540 2687 588 2722 Η.
614 2687 848 2732 Einleitung;
874 2688 953 2722 vita
978 2686 1025 2721 11.
1052 2686 1277 2731 Einleitung.

38 2506 261 2552 Anordnung
285 2507 359 2542 und
384 2508 422 2542 in
448 2507 510 2543 der
535 2509 741 2553 Erzahlung
766 2508 846 2544 dem
872 2509 934 2543 lib.
954 2509 1003 2544 II.
1030 2508 1091 2544 der
1117 2508 1195 2542 vita
1220 2507 1331 2542 tertia
1356 2506 1516 2552 gesolgt;
1534 2507 1599 2544 der

38 2565 252 2602 Uebersicht
276 2566 401 2602 halber
426 2567 506 2602 sind
532 2567 588 2603 die
613 2568 846 2613 beziiglichen
876 2568 1146 2613 Capitelzahlen
1180 2566 1270 2602 auch
1305 2566 1366 2602 der
1391 2566 1518 2603 beiden
1542 2578 1597 2603 er-

36 2627 117 2659 sten
144 2627 243 2661 vitae
268 2626 307 2661 in
333 2626 400 2661 den
426 2627 695 2671 Bemerkungen
730 2627 978 2672 hinzugefiigt.

179 2745 216 2790 3)
242 2744 326 2789 Vgl.
352 2745 420 2780 den
454 2746 627 2790 Prologus
660 2745 775 2781 dieser
800 2746 877 2781 vita
914 2745 1092 2790 rythmica
1125 2743 1197 2779 und
1222 2744 1286 2780 das
1315 2743 1511 2786 „scribendi
1536 2754 1595 2780 ex-

35 2801 166 2838 cedant
189 2803 351 2839 modum“
381 2804 442 2839 der
466 2804 508 2840 A.
535 2806 556 2840 2
586 2805 735 2840 citirten
759 2805 909 2840 Stellen.

178 2862 215 2908 4)
242 2862 329 2898 Vita
354 2863 384 2900 Ι.
411 2863 460 2900 11.
487 2863 555 2899 III.
584 2863 646 2899 lib.
672 2864 720 2899 ΙΙ.
748 2874 774 2898 c.
803 2865 835 2899 1.
863 2883 906 2888 -
941 2864 977 2908 5)
1003 2862 1090 2898 Vita
1115 2863 1144 2898 Ι.
1170 2862 1220 2898 ΙΙ.
1246 2863 1315 2899 ΠΙ.
1340 2863 1403 2899 lib.
1429 2863 1479 2898 II.
1505 2873 1531 2898 c.
1559 2862 1596 2897 2.

1256 2924 1309 2965 14
