1864 3213
242 150 324 190 120
503 193 506 197 ,
671 146 768 188 Vita
800 146 874 188 ΙΙΙ.
906 158 937 189 s.
969 144 1166 199 Liudgeri
1198 143 1270 186 lib.
1304 144 1357 187 II.

285 265 340 300 17.
367 264 419 299 De
445 263 660 300 liberatione
686 262 882 297 demoniaci
894 270 920 297 a,
959 261 1047 297 Vita
1083 262 1111 296 I.
1150 259 1213 296 lib.
1252 261 1301 296 II.
1328 271 1356 300 c,
1383 263 1448 304 22;
1474 262 1552 297 vita
1575 261 1623 296 11.
1649 261 1715 297 lib.
1740 261 1789 296 ΙΙ.

369 335 395 359 c.
423 325 479 359 17.

288 383 367 418 18b.
393 383 446 419 De
471 384 620 418 muliere
657 393 717 427 per
756 380 1008 416 infirmitatem
1044 379 1249 415 debilitata.
1295 379 1384 414 Vita
1419 380 1451 414 I.
1489 379 1552 415 lib.
1597 379 1791 421 11.e.21;

367 443 446 478 vita
471 443 519 478 ΙΙ.
546 442 609 477 lib.
636 442 685 477 II.
712 452 738 476 o.
768 441 822 476 16.

286 504 341 538 19.
366 500 683 536 Adferebatur
708 498 1172 535 autem—incolomis.
1223 498 1311 533 Vita
1335 498 1364 533 I.
1391 498 1454 534 lib.
1481 498 1585 533 11.c.
1613 499 1679 539 123
1717 498 1794 533 vita
1858 504 1861 505 ’

367 561 416 596 II.
443 560 506 595 lib.
532 561 580 595 II.
608 571 634 595 c.
711 587 718 594 .

285 622 341 656 20.
367 619 594 664 Contigit
630 561 813 654 Cffidam
852 616 1323 662 viro—magnificans
1361 617 1508 653 Deum.
1559 617 1646 652 Vita
1675 617 1703 652 I.
1731 616 1794 652 lib.

369 679 418 714 11.
444 689 472 713 e.
499 679 563 720 14;
590 678 683 713 fehlt
707 679 745 713 in
772 678 849 713 vita
874 677 920 713 H.

379 739 461 773 210.
489 737 681 781 Quidam
708 737 923 772 iuvenisl
950 738 996 767 ex
1026 725 1103 777 his,
1137 738 1236 780 quos
1267 725 1375 768 ferro
1407 725 1680 768 circumdatos
1711 724 1797 779 ple-

239 811 408 853 rumque
439 798 636 850 videmus,
669 798 720 840 ad
753 798 937 840 nostrum
969 796 1260 839 monasterium
1282 805 1395 842 venit.
1409 806 1478 842 Hic
1495 806 1644 849 Adam,
1666 797 1712 837 ut
1733 808 1798 838 as-

241 869 415 920 Sel'ebafa,
454 881 678 925 nuncupatus
704 879 799 915 inter
824 890 860 914 se
897 881 936 914 et
973 878 1014 913 fr
1026 880 1174 913 atrem
1209 889 1332 914 suum
1357 877 1634 913 Hanricumd
1658 877 1798 912 nomine

240 941 380 975 rixam
407 939 577 974 accidisse
602 941 640 974 et
664 950 685 974 a
710 950 745 974 se
771 950 850 974 eum
888 939 1039 973 occisum
1075 946 1173 974 essee
1198 937 1387 978 referebat,
1421 937 1520 972 ouius
1544 936 1686 972 sceleris
1710 946 1797 971 noxa

241 1010 285 1046 ab
323 1011 533 1056 episcopo
575 1010 597 1045 J
608 1021 706 1052 ona,
742 1000 795 1041 ad
825 999 938 1041 cuius
971 1011 1108 1041 curam
1140 1011 1182 1041 se
1213 998 1415 1052 pertinere
1435 998 1676 1049 testabatur,
1723 1019 1797 1043 ver-

241 1069 383 1105 beribus
408 1070 608 1114 castigatus
634 1072 771 1116 atque
795 1070 840 1104 in
874 1079 1098 1104 carcerem
1135 1071 1294 1103 trusus
1331 1070 1410 1104 est.
1446 1066 1548 1103 Unde
1583 1068 1664 1113 post
1698 1067 1799 1102 anni

242 1129 407 1165 demumf
422 1129 588 1164 circulum
607 1128 764 1171 eductus,
790 1127 1098 1164 circumdatis
1123 1127 1320 1163 fortiter
1345 1127 1553 1162 brachiis
1580 1128 1626 1162 et
1652 1126 1798 1162 medio

243 1197 459 1233 corpores
484 1189 606 1224 ferro
644 1191 681 1224 et
717 1188 935 1223 durissimoh
972 1187 1144 1222 ieiunio
1182 1186 1374 1228 indicto,
1413 1186 1718 1221 discalciatus
1754 1187 1800 1221 et

244 1248 338 1283 sine
363 1248 490 1282 lineo
516 1247 786 1282 indumento
824 1248 973 1282 exulare
1004 1247 1119 1282 iussus
1145 1249 1210 1282 est.
1261 1246 1434 1289 Quarto
1474 1256 1578 1281 vero
1614 1248 1801 1292 postquam

244 1319 264 1342 a
291 1308 412 1352 patria
436 1308 547 1342 exivit
572 1318 699 1348 anno,
726 1309 829 1342 ante
855 1307 1145 1353 sepulchrum
1172 1308 1363 1341 sanctae
1390 1304 1693 1341 Gerthrudisi
1718 1305 1802 1340 fer-

244 1378 333 1401 rum
359 1366 411 1402 de
437 1367 637 1402 sinistro
664 1367 766 1402 eius
804 1366 993 1402 brachio
1032 1366 1215 1401 cecidit.
1259 1364 1434 1400 Deinde
1460 1366 1563 1410 post
1588 1365 1696 1400 anni
1721 1360 1802 1399 eir-

246 1426 394 1462 eulum
419 1427 542 1461 Rome
568 1427 614 1461 in
640 1427 742 1471 ipsa
768 1427 916 1461 sancti
941 1426 1073 1461 Petri
1099 1426 1257 1470 cripta
1283 1423 1462 1461 ferrum.
1490 1435 1570 1469 quo
1595 1424 1803 1469 precinc-

246 1488 321 1522 tus
347 1486 787 1528 e1·at,nihilominus
813 1485 988 1522 cecidit.
1023 1485 1123 1521 Cum
1151 1486 1300 1519 autem
1326 1484 1499 1518 iterum
1535 1484 1714 1518 Romam
1738 1493 1804 1528 pe-

247 1548 378 1587 teret,
406 1546 612 1590 contigit
628 1548 678 1580 ut
703 1546 999 1581 infirmitate
1018 1544 1294 1580 validaillic
1312 1542 1665 1588 deprimeretur.
1691 1542 1804 1579 Cum-

249 1605 403 1651 quein
430 1606 530 1650 ipsa
556 1605 819 1650 egritudine
856 1606 954 1640 vita
992 1606 1089 1640 eius
1127 1604 1372 1648 desperata
1409 1602 1591 1644 fuisset,
1629 1601 1805 1649 quidam

248 1676 293 1710 in
324 1665 467 1707 habitu
493 1676 786 1711 sacerdotali
812 1677 967 1722 speeie
993 1665 1208 1708 admodum
1254 1663 1475 1706 reverenda
1513 1674 1563 1716 ei,
1594 1664 1642 1705 ut
1671 1662 1806 1717 perhi-

250 1737 383 1788 bistfi,
425 1748 637 1792 apparuit
663 1748 836 1783 dicens:
865 1748 1032 1792 Surge,
1060 1747 1169 1782 vade
1196 1749 1336 1792 atque
1363 1745 1650 1791 sepulchrum
1675 1744 1807 1780 Liud-

250 1807 360 1852 geri,
397 1807 612 1842 Saxonum
642 1807 860 1853 quondam
895 1806 1245 1852 Fresonumquek
1283 1806 1497 1851 episcopi,
1535 1805 1739 1851 perquire
1764 1806 1808 1840 et

251 1879 375 1913 illic]
413 1879 593 1914 Domino
630 1880 882 1914 miserante
919 1879 1106 1914 meritis
1144 1880 1181 1913 et
1207 1877 1428 1913 orationibus
1454 1877 1554 1912 suis
1578 1877 1657 1908 non
1678 1865 1808 1908 solum

252 1961 273 1984 a
298 1960 460 1995 corporeo
487 1951 626 1986 vinculo
652 1950 871 1993 liberaberis,
898 1940 968 1982 sed
1006 1941 1046 1982 et
1083 1939 1288 1983 commissi
1318 1937 1561 1993 parricidiim
1591 1937 1809 1992 indulgen-

252 2011 354 2052 tiam
389 2012 670 2066 consequeris‘.
714 2022 808 2064 Qua
844 2022 1033 2057 visione
1070 2021 1268 2066 expleta,
1306 2019 1562 2055 confestim
1601 2018 1651 2053 de
1675 2019 1810 2055 infir-

253 2081 434 2122 mitate,
461 2093 544 2127 qua
570 2081 771 2123 tenebatur,
798 2081 1048 2117 absolutus
1082 2084 1166 2116 est.
1210 2080 1405 2126 Cumque
1435 2089 1562 2114 mane
1589 2079 1810 2114 somnium

254 2140 526 2183 retulisset,
552 2141 704 2183 multi,
731 2141 814 2187 qui
839 2141 1026 2176 eundem
1062 2143 1274 2176 sanctum
1308 2138 1614 2184 Liudgerumn
1647 2139 1694 2173 in
1719 2149 1810 2174 cor·

254 2280 283 2305 c.
307 2271 352 2305 16
375 2270 453 2306 und
477 2273 520 2305 19
544 2272 625 2313 (mit
649 2271 718 2306 den
741 2271 1050 2318 Anfanysworten
1074 2272 1139 2306 wie
1163 2271 1200 2306 J.
1233 2271 1274 2306 V.
1302 2270 1349 2305 X.
1383 2271 1425 2306 Y.
1454 2270 1515 2313 Z),
1540 2281 1568 2306 c.
1593 2272 1652 2312 29,
1677 2271 1733 2310 18,
1751 2271 1810 2311 30,

256 2331 312 2372 21,
335 2330 438 2364 sowie
463 2330 685 2376 (beqimwnd
708 2332 774 2365 wie
797 2331 835 2365 J.
868 2330 909 2365 V.
936 2331 985 2365 X.
1017 2331 1059 2365 Y.
1086 2331 1135 2375 Z)
1160 2333 1221 2372 20,
1247 2333 1404 2371 24-28‚
1430 2332 1580 2364 31—38.
1614 2329 1665 2364 I‘n
1687 2329 1723 2363 A
1746 2328 1813 2372 fol·

255 2399 324 2434 qen
349 2389 421 2432 auf
439 2389 496 2424 die
521 2392 567 2424 17
591 2393 708 2424 ersten
741 2389 883 2435 Capit-ez
907 2401 935 2426 c.
962 2392 1110 2425 26—28
1143 2390 1218 2425 und
1241 2391 1380 2424 31—35
1404 2390 1505 2424 nebst
1528 2390 1577 2423 38
1601 2387 1643 2432 (s.
1672 2387 1709 2423 S.
1735 2390 1812 2431 84).

258 2466 302 2471 —-
327 2455 344 2472 ὃ
368 2447 425 2482 (lie
456 2448 739 2491 Ueberschriften
763 2460 832 2484 von
865 2460 945 2495 cap.
971 2452 1103 2484 11—18
1129 2460 1195 2484 (ms
1219 2449 1264 2483 F.
1295 2469 1337 2473 —
1371 2448 1388 2474 b
1428 2449 1468 2483 in
1491 2447 1531 2482 F
1551 2448 1697 2494 beyinnt
1720 2447 1814 2482 nach

262 2509 283 2541 7
317 2506 441 2541 Zeilen
476 2508 553 2542 eine
590 2507 709 2543 Lz'lcke
744 2508 798 2542 bis
834 2518 863 2543 c.
902 2510 961 2542 28.
1001 2527 1044 2532 —
1083 2515 1097 2533 0
1135 2518 1162 2543 c.
1199 2509 1258 2542 23.
1296 2507 1361 2542 Br.
1399 2527 1442 2531 -
1481 2506 1497 2532 d
1534 2505 1741 2541 Heinricum
1765 2506 1797 2541 J
1802 2517 1812 2551 3

258 2565 448 2600 Henricum
489 2567 538 2610 T3
574 2567 783 2601 Hainricum
833 2567 880 2601 X.
922 2587 965 2591 -—
1003 2575 1017 2593 θ
1060 2568 1087 2610 f.
1131 2567 1167 2602 J.
1214 2567 1263 2608 T;
1299 2576 1335 2600 se
1372 2564 1523 2600 occidise
1562 2565 1611 2599 X.
1657 2584 1701 2589 —
1738 2565 1753 2591 f
1784 2565 1812 2608 f.

259 2626 296 2660 J.
334 2645 377 2649 —
414 2634 431 2659 g
466 2626 494 2669 f.
531 2626 568 2661 J.
610 2646 652 2650 —
685 2626 702 2651 h
741 2625 918 2660 dirissimo
955 2627 992 2661 J.
1031 2645 1075 2650 —
1113 2626 1123 2652 i
1160 2624 1335 2660 Gedrudis
1372 2624 1403 2659 J
1410 2638 1419 2665 3
1459 2623 1646 2659 Gertrudis
1688 2623 1727 2658 Τ.
1769 2641 1813 2649 -

260 2684 277 2709 k
302 2686 409 2730 atque
435 2683 621 2719 Frisonum
661 2685 700 2720 T.
742 2703 785 2708 —
823 2685 832 2710 ¹
865 2684 963 2719 illico
991 2684 1030 2720 T.
1059 2704 1102 2708 -
1139 2692 1164 2710 ιιι
1198 2683 1392 2719 fratricidii
1423 2683 1460 2719 J.
1493 2703 1536 2708 ——-
1570 2691 1589 2708 ¹²
1621 2682 1744 2728 Liutg.
1769 2682 1801 2718 J
1804 2696 1813 2726 ;

261 2742 400 2787 Ludgh.
429 2743 468 2778 T.

406 2897 438 2941 1)
465 2897 550 2932 vita
574 2896 602 2934 1.
628 2896 690 2932 ub.
716 2896 765 2935 Π,
792 2907 819 2932 c.
845 2897 914 2942 203
940 2907 972 2932 v.
999 2895 1048 2933 11.
1074 2895 1098 2932 1.
1124 2896 1174 2932 Π.
1200 2907 1226 2932 0.
1260 2896 1314 2936 15.
