1864 3213
94 327 163 371 90.

96 622 165 665 95.

71 945 167 987 100.

75 1563 171 1604 110.

80 2176 175 2218 120.

81 2468 178 2512 125.

415 149 518 193 Vita
557 149 707 204 rythm.
740 162 771 191 3.
803 149 998 204 Liudgeri
1030 149 1101 191 let.
1134 149 1167 190 I.

225 277 401 323 Adelgart
425 278 578 319 nomine,
610 279 738 321 genus
770 266 919 308 (lucens
950 266 1100 317 nobile,

295 348 380 372 uxor
406 338 484 371 erat
508 336 576 378 illi,
603 335 714 380 digna
738 335 829 370 bono
855 336 968 380 iungi.

224 397 277 432 De
301 396 370 432 tali
396 406 555 440 compare
581 397 637 430 est
660 395 898 439 Nothgrilnus
923 395 1065 430 1101111116

296 466 382 500 puer
407 454 469 490 ille
494 455 602 488 natus
628 456 666 489 et
690 454 762 489 iam
788 453 969 489 educatus.

227 514 315 550 Cum
340 514 397 549 his
422 513 612 548 comitibus
638 516 675 548 et
700 514 811 548 servis
837 512 1018 558 aliquibus

299 572 342 608 (16
368 572 572 618 aquilonale
596 571 719 616 fugit
744 572 782 606 in
807 572 981 614 australe,

229 631 513 668 Grimoldum
538 631 632 666 adiit
657 631 830 672 ducem,
857 631 918 676 qui
944 634 1029 666 tunc
1054 631 1171 666 valuit

298 692 336 727 in
361 701 470 736 regno
496 690 781 732 Francorum,
810 691 925 725 virum
951 691 1154 734 gloriosum.

229 752 296 796 Qui
322 751 405 787 dum
431 752 668 796 cognosceret,
695 751 773 795 quis
799 752 902 791 esset,
930 749 1016 795 quid
1041 752 1210 795 posceret,

302 811 445 847 Christo
472 821 582 854 agens
608 809 715 854 (ligne
741 810 890 854 suscipit
914 809 1128 854 benigne.

229 872 322 922 Hic,
353 884 450 925 quos
481 870 727 924 prediximus
744 871 771 920 1,
804 869 969 911 invento
1000 869 1083 911 iam
1115 869 1291 923 propius,

302 943 408 985 servi
439 942 566 984 Jhesu
599 939 751 982 Christi
782 940 985 982 affuerunt
1015 940 1106 994 ipsi.

230 1012 444 1048 Imbutus
470 1011 596 1055 igitur,
624 1022 693 1056 qua
718 1011 756 1045 in
782 1011 896 1045 Deum
922 1009 1089 1051 creditur,

300 1071 395 1106 fide
422 1071 614 1105 Trinitatis
640 1070 714 1105 sive
739 1070 905 1111 unitatis,

231 1130 353 1167 Credit
378 1131 417 1165 in
442 1130 645 1170 Dominum,
673 1130 767 1164 sicut
791 1129 900 1164 habet
926 1128 1136 1174 symbolum,

302 1193 340 1225 et
363 1189 493 1225 habere
518 1188 688 1224 mundum
715 1189 937 1223 Salvatorem
963 1199 1148 1223 summum.

159 1272 168 1282 .
230 1250 280 1285 Ut
305 1249 420 1284 dicam
444 1249 613 1290 breviter,
639 1248 787 1283 credunt
812 1259 931 1283 omnes
957 1249 1092 1294 pariter

303 1311 341 1344 et
366 1319 402 1343 se
428 1311 511 1343 voto
536 1308 615 1354 pari
640 1309 772 1352 rogant
798 1307 984 1353 baptizari.

233 1369 444 1424 Adelgard
476 1369 605 1410 filium
638 1368 748 1410 levat
780 1369 874 1410 ante
906 1368 1138 1418 Dominum,

304 1441 427 1482 immo
459 1440 511 1481 ad
543 1439 789 1492 baptismum
823 1438 1054 1492 preparavit
1086 1437 1230 1491 ipsum.

233 1512 296 1546 Fit
320 1509 536 1545 consecracio
562 1508 675 1543 fontis
700 1519 763 1543 nec
789 1508 929 1548 dilacio,

304 1580 424 1605 omnes
448 1568 688 1613 baptizantur,
715 1568 790 1602 Deo
816 1567 1058 1612 gratulantur.

236 1628 411 1666 Grimoldi
436 1628 556 1662 anima
582 1626 727 1670 gaudet,
755 1627 878 1661 videns
905 1627 996 1661 talia

304 1700 366 1734 per
390 1689 569 1722 auctorem
594 1686 709 1720 Deum
735 1687 795 1730 agi
821 1685 913 1731 apud
941 1696 1029 1720 611111.

233 1750 315 1792 Η16
347 1747 499 1790 Christi
531 1747 724 1797 famulus,
756 1747 940 1800 quamvis
972 1747 1103 1786 terrae
1137 1743 1339 1795 dominus,

309 1821 349 1862 et
379 1819 607 1874 religiosus,
641 1818 825 1871 quamvis
857 1816 1068 1871 gloriosus,

164 1913 173 1922 ·
235 1889 410 1934 Quamdiu
436 1890 584 1930 vixerat,
610 1888 776 1922 habitare
801 1887 935 1921 fecerat

306 1948 542 1992 Wirisingum
568 1958 683 1982 secum
709 1946 834 1981 multis
859 1946 961 1980 bonis
986 1945 1130 1980 fretum.

238 2009 346 2043 Post
370 2008 469 2042 6111113
494 2007 688 2041 transitum
714 2006 954 2050 unusquisque
979 2004 1180 2050 principum

309 2069 451 2113 propter
477 2066 625 2101 Jhesum
651 2064 834 2100 Christum
860 2066 1049 2099 veneratur
1074 2063 1203 2109 ipsum,

238 2127 286 2162 Et
310 2125 567 2161 beneficiis
592 2124 684 2159 hunc
710 2124 925 2158 honorant
950 2122 1113 2168 plurimis

308 2185 346 2220 in
371 2184 635 2220 Francorum
663 2185 782 2227 gente,
809 2183 882 2217 Deo
908 2183 1109 2217 miserente.

239 2243 404 2279 Predicta
430 2242 587 2278 1101111132
613 2244 668 2277 est
694 2242 809 2276 virilis
835 2241 975 2282 sobolis,

310 2302 503 2338 fecundata
527 2302 612 2337 flore
637 2301 774 2336 fructus
799 2312 877 2335 cum
903 2300 1057 2341 honore;

239 2363 361 2407 Igitur
385 2362 553 2406 genuit
578 2363 616 2395 et
640 2371 731 2401 eum,
758 2371 860 2405 quem
887 2359 1026 2404 genuit.

310 2421 436 2456 statim
462 2419 506 2455 ad
532 2419 749 2464 baptismum
775 2419 896 2454 mittit
920 2420 958 2453 et
983 2417 1028 2452 ad
1053 2417 1247 2453 Christum.

238 2480 355 2515 Natus
379 2479 589 2524 parentibus
615 2478 657 2513 (16
683 2476 1058 2523 peregrinantibus

313 2538 430 2574 dictus
456 2541 512 2573 est
545 2537 807 2582 Thiedgrinms,
840 2527 908 2579 qui
941 2527 980 2567 et
1011 2525 1260 2580 peregrinus.

245 2597 341 2633 Laus
367 2598 417 2632 sit
441 2597 629 2632 Altissimo
656 2607 759 2642 super
785 2596 854 2630 isto
881 2595 967 2635 filio,

314 2658 453 2701 patrem
479 2666 584 2701 quem
609 2654 781 2699 Liudgeri
806 2655 906 2689 misit
931 2664 1057 2688 manus
1081 2653 1170 2688 Dei!

175 2763 254 2798 116.
281 2761 498 2806 Wirisingus
524 2772 625 2803 corr„
652 2762 717 2795 wie
744 2771 780 2795 es
804 2761 950 2803 scheint,
976 2770 1043 2794 aas
1068 2758 1280 2802 Wursingus
1310 2758 1351 2792 T.

177 2893 211 2938 1)
237 2892 319 2936 Vgl.
346 2903 379 2928 v.
407 2892 461 2927 78.
491 2911 533 2917 —
559 2892 595 2936 2)
621 2890 813 2935 Adelgarcl.

1487 149 1576 193 139
