1864 3213
305 154 387 198 108
715 156 813 199 Vita
845 157 917 199 III.
953 170 983 198 s.
1017 155 1246 211 Liudgerus
1276 156 1347 199 lib.
1380 156 1432 198 ΙΙ.

302 274 411 316 tema
443 288 572 317 sermo
604 275 795 318 scientiae
827 274 1047 317 secundum
1087 275 1257 316 eundem
1291 274 1499 329 Spiritum,
1532 275 1651 318 alteri
1683 276 1782 318 fides
1814 275 1856 317 in

301 345 439 387 eodem
471 345 648 400 Spiritu,
695 346 768 389 alii
800 346 963 401 gratiab
996 346 1220 388 sanitatum
1252 346 1296 387 in
1333 359 1409 388 uno
1443 346 1611 400 Spiritu,
1659 347 1732 390 alii
1763 359 1855 401 ope-

302 416 410 458 raoio
442 417 656 469 virtutum,
704 418 777 459 alii
809 417 1036 471 prophetia,
1084 417 1156 459 alii
1190 417 1380 460 discretio
1412 417 1642 471 spirituum,
1681 419 1754 460 alii
1785 431 1856 473 ge-

300 501 397 530 nera
428 488 676 544 linguarum,
710 489 782 531 alii
816 489 1098 543 interpretatio
1130 492 1402 540 sermonum“‚
1435 501 1535 543 quae
1567 489 1729 543 quidem
1762 489 1855 531 aliis

299 559 535 613 plerumque
582 559 745 614 singula
789 560 991 615 singulisC
1024 560 1185 611 dantur,
1233 560 1303 602 sed
1349 559 1391 601 in
1441 560 1578 602 sancto
1625 560 1856 615 Liudgero‘¹

300 633 445 674 cuncta
478 631 626 674 simule
660 632 836 675 fuerunt.
870 632 1027 675 Habuit
1049 632 1195 686 quippe
1228 644 1453 674 sermonem
1486 631 1722 685 sapientiae,
1756 633 1858 686 quaf

299 715 377 744 non
410 702 539 745 solum
572 703 656 756 ipse
688 704 820 745 Deum
852 704 1062 746 intellectu
1097 703 1386 756 conprehendit
1424 703 1464 744 et
1496 702 1700 757 quodamg
1732 702 1856 745 dilec-

299 773 421 816 tionis
453 787 591 827 sapore
623 775 815 829 percepit,
849 775 919 817 sed
951 775 1073 817 etiam
1107 774 1201 816 aliis
1243 773 1420 828 qualiter
1452 773 1674 815 credendus
1706 775 1811 816 esset
1823 774 1853 824 ¹¹,

300 844 468 898 aperuit.
502 845 660 888 Habuit
691 858 915 888 sermonem
953 846 1158 895 scientiae,
1192 858 1271 900 qna
1319 845 1475 887 contrai
1507 844 1772 898 apostolicum
1804 845 1855 887 il-

299 916 400 958 lud¹
433 916 641 971 plerosque
674 917 806 959 zelum
845 917 921 959 Dei
954 917 1101 959 habere
1144 916 1340 968 didicissk,
1391 916 1461 958 sed
1508 929 1586 958 non
1634 916 1854 958 secundum

299 987 525 1039 scientiam,
558 988 734 1042 qualiter
765 988 876 1030 Deus
898 987 1103 1039 colendus,
1142 987 1339 1042 qualiter¹
1372 986 1575 1041 proximus
1607 987 1853 1042 diligendus,

299 1058 474 1113 qualiter
504 1072 576 1113 per
597 1058 732 1101 omnia
754 1059 969 1101 vivendum
1005 1059 1123 1110 esset,
1148 1059 1188 1100 et
1216 1058 1302 1112 ipse
1325 1057 1446 1100 scivit
1469 1059 1509 1100 et
1530 1058 1624 1100 aliis
1646 1058 1852 1112 patefecit.

298 1130 456 1172 Habuit
476 1130 610 1181 fidem,
643 1143 721 1184 qua
744 1130 859 1171 tanta
882 1142 1170 1184 nonnunquam
1194 1130 1333 1172 contra
1359 1129 1422 1170 ius
1454 1129 1624 1171 naturae
1649 1130 1689 1171 et
1720 1143 1853 1172 rerum

298 1201 479 1244 ordinem
510 1201 672 1245 meruit.
734 1201 892 1243 Habuit
924 1201 1102 1256 gratiam
1139 1200 1417 1251 curationem,
1467 1213 1545 1254 qua
1593 1199 1853 1243 incommodi-

299 1273 453 1315 tatibus
500 1273 576 1315 etm
622 1273 931 1317 infirmitatibus
979 1287 1188 1328 corporum
1235 1274 1470 1328 plerumque
1512 1273 1737 1316 medicatus
1779 1275 1853 1317 est,

298 1344 456 1385 Habuit
486 1344 760 1397 operacionem
791 1346 1004 1395 virtutum,
1053 1358 1132 1399 qua
1174 1344 1277 1386 mira
1309 1344 1540 1399 frequenter
1571 1344 1636 1386 vel
1670 1344 1854 1387 invisibi-

299 1415 394 1456 liter
415 1415 549 1457 foras11
572 1417 758 1469 operatus
782 1418 842 1459 est
853 1426 880 1459 ⁰.
920 1416 1076 1458 Habuit
1097 1416 1364 1470 prophetiam,
1399 1429 1478 1470 qua
1499 1415 1593 1458 aliis
1616 1416 1854 1459 abscondita

300 1486 433 1540 sepius
450 1487 489 1528 et
505 1486 625 1542 longe
641 1488 885 1541 postfutura
903 1488 1119 1541 predixitp.
1147 1487 1304 1529 Habuit
1321 1487 1603 1529 discretionem
1622 1487 1851 1540 spirituum,

301 1569 380 1611 qua
400 1557 467 1599 vel
489 1557 680 1599 utilium‘l
703 1559 789 1600 vel¹
809 1558 1018 1601 inutilium
1043 1568 1248 1600 suasoresS
1271 1559 1310 1600 et
1333 1558 1556 1612 patratores
1573 1558 1703 1601 iustae
1725 1558 1853 1601 lancis

299 1628 455 1670 trutina
487 1628 690 1670 discrevit.
736 1630 891 1671 Habuit
922 1630 962 1670 et
994 1642 1144 1684 genera
1186 1629 1434 1684 linguarum,
1478 1641 1576 1683 quas
1609 1629 1687 1672 etsi
1718 1642 1853 1672 omnes

300 1711 377 1741 non
409 1701 556 1754 nosset,
589 1700 874 1743 'I‘hiudiscamt
911 1702 1078 1742 tamenu
1110 1701 1150 1742 et
1182 1700 1385 1750 Latinam,
1418 1712 1467 1741 ne
1489 1700 1624 1753 plures
1657 1700 1851 1752 dicamus,

300 1769 342 1811 id
375 1771 435 1812 est
464 1771 688 1813 Barbaram
721 1772 762 1813 et
792 1771 1016 1813 Romanam
1030 1780 1058 1812 v.
1092 1783 1169 1812 non
1202 1771 1418 1826 ignoravit.
1468 1771 1627 1813 Habuit
1659 1784 1814 1826 quoque
1829 1781 1852 1798 W

299 1841 673 1895 interpretationem
696 1855 937 1892 sermonum,
971 1851 1078 1896 quax
1110 1841 1266 1895 populis
1292 1841 1538 1884 incessanter
1560 1842 1851 1896 scripturarum

299 1914 552 1955 sacramenta
581 1913 814 1956 elucidavit.
878 1912 1122 1954 Huiusmodi
1154 1913 1353 1954 virtutum
1401 1913 1669 1967 prerogativis
1701 1914 1852 1956 beatis-

299 1982 443 2025 simam
475 1984 587 2026 illius
609 1984 950 2027 conversationem
983 1984 1121 2026 divina
1153 1984 1319 2039 largitio
1351 1997 1509 2038 semper
1540 1984 1849 2027 comitabatury.

440 2055 496 2089 41.
544 2055 596 2089 De
621 2054 874 2090 consuetudine
901 2057 937 2089 et
962 2055 1106 2099 ingenio
1133 2054 1240 2089 eiust.
1291 2054 1409 2090 Erat
1443 2055 1537 2089 enim
1579 2054 1690 2089 isdem
1729 2066 1802 2091 san
1818 2066 1851 2091 c-

300 2115 377 2147 tus
402 2112 695 2158 Liudgerusa
731 2115 775 2150 in
809 2115 1076 2159 scripturis
1114 2115 1265 2148 sacris
1299 2125 1382 2149 non
1409 2113 1730 2150 mediocriter
1755 2126 1850 2150 eru-

442 2240 457 2257 ἃ
482 2233 507 2276 f.
534 2235 567 2267 J.
595 2232 643 2266 K.
672 2252 714 2256 —
740 2233 756 2258 b
783 2233 981 2277 graciarum
995 2233 1043 2267 K.
1074 2253 1115 2258 -—
1142 2240 1156 2258 0
1183 2232 1336 2277 singulis
1361 2232 1505 2276 singula
1530 2232 1578 2268 K.
1607 2252 1650 2258 —
1684 2233 1699 2258 ὅ
1728 2233 1849 2278 Liutg.

299 2294 333 2326 J.
361 2291 417 2332 K;
445 2291 558 2336 Lndg.
585 2291 638 2326 M.
665 2292 723 2334 N3
750 2291 887 2336 Ludgli.
919 2292 964 2333 T3
991 2292 1098 2336 Lutg.
1124 2293 1168 2327 P.
1198 2312 1240 2316 —
1275 2299 1289 2317 e
1315 2304 1341 2326 s.
1369 2302 1395 2326 c.
1423 2292 1475 2326 ill.
1504 2312 1547 2317 —
1585 2292 1599 2318 f
1622 2292 1705 2338 quia
1730 2293 1780 2328 N.
1809 2293 1848 2328 Τ.

299 2370 340 2374 —
369 2358 386 2383 g
411 2349 561 2395 quadam
586 2354 633 2394 J,·
659 2361 747 2386 corr.
774 2351 827 2386 JI.
856 2372 897 2376 --
929 2351 947 2377 h
974 2362 1001 2386 e.
1029 2362 1059 2386 c.
1082 2355 1116 2386 J.
1143 2351 1190 2385 K.
1220 2371 1262 2375 —-
1301 2351 1309 2376 i
1336 2351 1436 2386 iuxta
1461 2351 1523 2395 N3
1565 2351 1756 2387 secundum
1794 2352 1848 2387 M.

301 2429 343 2433 -«
370 2410 387 2435 k
412 2410 437 2453 f.
464 2413 497 2445 J.
525 2410 573 2444 K.
602 2429 645 2435 —
682 2410 691 2436 1
719 2410 802 2445 deus
828 2410 892 2445 col.
920 2411 1012 2456 qual.
1046 2412 1072 2454 f.
1099 2414 1133 2445 J.
1162 2431 1204 2434 —
1243 2418 1267 2435 m
1294 2411 1360 2444 inc.
1389 2412 1425 2444 et
1450 2410 1476 2454 f.
1502 2413 1536 2444 J.
1564 2410 1611 2444 K.
1641 2430 1683 2434 —
1720 2419 1737 2436 1¹
1763 2410 1849 2446 foris

297 2471 331 2502 J.
359 2468 406 2502 K.
434 2468 487 2503 M.
517 2469 555 2503 T.
584 2488 627 2493 —
654 2477 669 2494 0
696 2479 725 2504 0.
753 2481 781 2504 e.
808 2469 831 2503 f.
859 2469 911 2503 M.
941 2490 983 2494 -
1022 2457 1037 2501 1'·
1063 2469 1221 2514 previdit
1246 2473 1279 2504 J.
1307 2469 1355 2504 K.
1385 2489 1427 2494 -
1466 2478 1482 2502 q
1516 2469 1572 2504 vel
1598 2472 1648 2504 ut.
1675 2470 1701 2513 f.
1729 2470 1778 2504 N.
1808 2471 1848 2505 T.

298 2528 344 2563 P.
371 2546 412 2552 -—
439 2535 452 2554 ¹
476 2528 502 2570 f.
529 2528 582 2562 M.
611 2548 653 2553 —
689 2537 701 2554 S
726 2539 884 2564 sausores
911 2528 953 2562 K
960 2543 967 2569 3
994 2539 1215 2573 persuasores
1244 2529 1282 2563 T.
1313 2549 1353 2552 —
1389 2529 1401 2554 t.
1426 2528 1633 2564 thiustieam
1659 2529 1690 2564 J
1696 2540 1705 2574 3
1733 2529 1848 2564 theui-

299 2586 425 2620 sticam
457 2586 499 2620 K
505 2600 513 2628 3
552 2588 768 2622 teutonicam
808 2588 851 2622 N
882 2588 956 2623 uml
992 2599 1024 2622 (ι.
1051 2588 1096 2622 R.
1125 2587 1173 2630 G,-
1198 2587 1441 2622 theutonicam
1470 2587 1520 2631 T,·
1547 2588 1768 2623 teutunicam
1794 2588 1846 2630 P;

298 2644 512 2679 thuidiscam
538 2645 620 2680 Sur.
649 2665 691 2669 —
718 2654 734 2672 ¹¹
761 2645 787 2690 f.
806 2649 840 2680 J.
869 2666 911 2670 —
939 2655 954 2671 v
981 2649 1017 2681 ct
1044 2657 1126 2681 rom.
1154 2647 1180 2689 f.
1206 2649 1239 2680 J.
1267 2645 1315 2680 K.
1344 2665 1385 2669 —
1412 2654 1435 2670 w
1460 2647 1486 2690 f.
1513 2649 1547 2681 J.
1573 2646 1622 2681 K.
1651 2666 1694 2671 -
1720 2655 1737 2672 ¹
1763 2647 1848 2692 quia

296 2707 330 2738 J.
357 2704 404 2739 K.
433 2723 472 2728 —
503 2713 519 2737 y
545 2703 1039 2739 huiusmodi—comitabatur
1056 2705 1083 2748 f.
1101 2708 1135 2739 J.
1154 2704 1202 2739 K.
1229 2724 1245 2730 -
1261 2726 1270 2731 -
1298 2713 1312 2730 Ζ
1337 2704 1516 2739 De—eius
1539 2705 1598 2749 Ε,-
1624 2704 1715 2750 quod
1741 2705 1846 2741 cotti-

298 2763 354 2798 die
380 2762 523 2806 legebat
548 2764 592 2798 P.
619 2783 663 2787 ——
699 2771 714 2788 a
740 2763 853 2807 Ludg.
881 2763 933 2798 M.
961 2763 1010 2798 N.
1043 2764 1095 2808 U,-
1133 2763 1272 2807 Ludgh.
1303 2764 1350 2806 T3
1376 2764 1485 2808 Lutg.
1512 2764 1567 2807 Ρ,·
1593 2764 1648 2799 vir
1671 2767 1705 2799 J.
1732 2764 1782 2799 K.

439 2904 475 2951 1)
499 2905 598 2940 Rom.
627 2906 681 2947 10,
707 2906 738 2940 2.
