1801 3213
179 162 265 204 242
671 160 853 203 Libellus
884 159 1227 203 Monasteriensis.

177 291 284 330 suas,
318 279 353 321 si
383 279 448 321 vel
478 279 588 321 visus
619 279 657 320 ei
687 278 924 321 redderetur
957 277 1022 320 vel
1064 277 1177 320 dolor
1218 279 1416 329 cessaret,
1465 291 1540 332 quo
1571 279 1730 332 torque-

176 351 311 393 batur.
373 350 581 403 Tanquam
621 349 749 392 eciam
796 348 983 402 precibus
1022 348 1114 403 cogi
1153 349 1287 402 posset
1317 349 1519 391 confessor
1551 350 1729 400 sanctus,

178 434 267 463 eum
301 433 460 463 exorare
491 433 570 462 non
601 420 785 462 cessabat
827 419 892 461 die
923 421 1135 473 noctuque.
1198 420 1464 462 Advenerunt
1495 419 1581 462 dies
1611 431 1729 474 roga-

176 493 336 535 cionum
354 494 370 516 1
401 492 441 534 et
471 491 654 533 homines
685 491 784 533 ville
816 490 929 532 illius
961 491 1075 532 ibant
1111 503 1203 532 cum
1235 490 1318 532 suis
1349 490 1730 532 Monasteriensium
1791 502 1795 503 ⁷

176 575 382 606 occurrere
413 561 609 616 reliquiis.
673 561 782 614 Quas
814 574 906 603 cum
943 561 1245 615 aliquantulum
1276 562 1389 603 extra
1419 561 1563 604 villam
1594 562 1731 603 secuta

175 634 332 685 fuisset,
364 633 631 675 redeuntibus
664 632 907 686 quibusdam
938 632 1215 686 parrochianis
1247 633 1288 674 et
1319 632 1407 686 ipsa
1437 633 1575 675 rediit.
1610 631 1730 674 Cum-

176 719 253 759 que
284 705 390 747 inter
421 705 669 747 redeundum
692 704 992 759 ingemisceret,
1031 704 1135 758 quod
1167 703 1434 746 infortunium
1465 703 1671 746 oculorum
1693 702 1731 745 ei

175 789 297 819 causa
327 776 483 818 reditus
514 777 631 827 esset,
663 775 823 817 manica
856 775 905 817 de
936 775 1053 817 vultu
1081 775 1255 828 quodam
1286 788 1381 817 casu
1413 774 1588 822 labente,
1622 774 1729 816 dolo-

176 860 263 889 rem
295 847 459 890 solitum
493 860 571 889 non
604 845 745 888 sensit.
789 846 904 899 Quod
936 846 1042 888 unde
1075 847 1180 888 esset
1210 846 1439 896 ammirata,
1472 846 1606 888 oculos
1637 857 1730 899 ape·

174 918 259 959 ruit
305 919 345 959 et
390 918 476 959 sine
522 918 709 959 molestia
757 917 874 959 vidit.
938 916 1044 969 Quid
1091 917 1270 959 faceret?
1331 917 1519 959 Insecuta
1564 916 1730 958 tandem

173 989 433 1044 precedentes
464 988 705 1042 veniensque
737 988 1055 1039 Monasterium,
1105 987 1257 1030 multos
1299 1001 1369 1030 sue
1413 987 1730 1030 illuminacionis

175 1060 317 1102 habuit
348 1061 483 1103 testes.

321 1132 385 1172 7³.
447 1131 543 1172 Fuit
564 1143 662 1184 puer
685 1131 982 1185 Osnabruggeb
1002 1131 1017 1154 2
1037 1142 1182 1183 panem
1207 1130 1386 1172 ostiatim
1400 1139 1415 1157 ⁰
1436 1143 1617 1184 querens,
1640 1130 1730 1172 visu
1780 1165 1784 1169 .

174 1203 293 1245 unius
324 1203 442 1254 oculi,
475 1215 520 1244 ex
551 1216 627 1256 quo
660 1202 740 1243 fuit
775 1202 942 1243 duorum
977 1213 1172 1242 annorum
1208 1213 1360 1252 carens,
1404 1202 1444 1243 et
1476 1201 1555 1243 alio
1585 1214 1730 1255 parum

174 1274 328 1323 videns,
362 1273 418 1314 ita
450 1273 627 1327 quidem,
661 1273 765 1326 quod
796 1273 862 1314 vix
893 1273 1052 1326 poterat
1083 1271 1192 1315 viam
1227 1272 1445 1316 dinoscere.
1485 1271 1605 1323 Huic,
1638 1284 1730 1314 cum

174 1345 375 1398 acciperet
406 1345 643 1386 elemosinas
676 1345 718 1385 in
749 1345 885 1385 monte
922 1345 1061 1385 sancte
1104 1342 1421 1393 Ghertrudisdss,
1463 1343 1618 1385 dictum
1650 1342 1730 1384 fuit

175 1428 199 1457 a
233 1416 472 1458 dominabus
504 1417 544 1457 et
577 1428 715 1457 earum
746 1414 971 1456 ministris:
1037 1413 1183 1466 ,Quare
1215 1427 1293 1455 non
1324 1415 1487 1456 invocas
1517 1414 1729 1456 sanctume

173 1486 442 1540 Ludgerumf,
477 1486 589 1528 cuius
611 1486 750 1541 gracia
782 1486 899 1528 modo
922 1486 1162 1528 Monasterii
1184 1486 1245 1527 est
1273 1498 1436 1540 magna,
1469 1486 1515 1527 ut
1545 1485 1683 1529 videas
1695 1487 1727 1526 ‘2²‘

177 1558 275 1599 Erat
307 1557 434 1599 eciam
465 1557 523 1599 ibi
555 1558 776 1611 presbiter,
824 1557 893 1610 qui
924 1556 1110 1610 promisit
1151 1556 1187 1598 ei
1219 1557 1315 1598 dare
1355 1569 1488 1598 ceram
1520 1556 1571 1598 ad
1601 1556 1730 1598 instar

175 1629 380 1670 oculorum
397 1630 426 1679 4,
460 1641 579 1682 quam
602 1630 740 1670 sancto
772 1628 897 1669 ferret
919 1628 1107 1682 Ludgero
1119 1636 1147 1668 g.
1184 1627 1337 1679 Quibus
1365 1627 1580 1679 animatus,
1613 1626 1729 1669 corde

173 1699 321 1741 humili
353 1700 393 1741 et
425 1700 599 1742 contrito
621 1700 731 1750 fecit,
766 1699 872 1741 sicut
903 1699 939 1740 ei
972 1699 1163 1741 suasumh
1194 1698 1296 1740 fuit:
1329 1711 1402 1740 1100
1439 1698 1509 1739 diu
1539 1698 1636 1751 quin
1657 1698 1729 1740 illo

174 1771 301 1821 oculo,
334 1783 409 1824 quo
441 1784 584 1823 parum
616 1771 752 1812 videre
784 1770 953 1821 solebat,
993 1770 1138 1811 melius
1170 1769 1339 1812 videret.
1392 1768 1507 1820 Quod
1538 1781 1729 1823 recogno-

175 1854 288 1883 scens
321 1854 344 1882 a
377 1841 583 1883 sacerdote
605 1841 846 1894 promissum
879 1840 1094 1893 requisivit
1126 1841 1165 1882 et
1186 1840 1480 1882 Monasterium
1512 1840 1591 1882 iter
1623 1840 1729 1882 dire-

174 1912 247 1963 xit,
281 1925 357 1966 quo
388 1913 606 1966 antequam
637 1913 806 1964 veniret,
841 1913 882 1954 et
902 1924 981 1953 uno
1012 1912 1125 1953 oculo
1163 1912 1203 1953 et
1235 1911 1314 1953 alio
1344 1911 1461 1965 plene
1483 1911 1600 1953 vidit.
1632 1911 1730 1953 Per-

175 1985 266 2025 acta
298 1984 424 2025 eciam
456 1984 689 2039 graciarum
731 1984 908 2034 actione,
956 1984 1133 2025 tantami
1175 1983 1349 2036 corporis
1389 1982 1502 2036 prius
1535 1981 1730 2024 emarcidi

174 2055 327 2108 recepit
359 2055 565 2109 vigorem,
613 2055 659 2095 ut
704 2067 773 2108 pro
819 2054 956 2096 labore
997 2067 1065 2095 suo
1108 2054 1262 2095 certum
1304 2053 1471 2095 haberet
1503 2053 1656 2095 victum
1690 2053 1729 2095 et

174 2126 366 2179 precium.

317 2262 333 2279 ³
359 2254 400 2289 de
426 2265 503 2289 0000
530 2265 635 2299 puero
662 2255 720 2298 P,·
748 2265 775 2290 0.
800 2255 823 2289 4
850 2255 976 2297 Ρενΐες
1009 2252 1253 2287 Fuit—ferret
1289 2252 1461 2296 Liutgero
1485 2252 1583 2297 yedr.
1609 2251 1726 2287 Pertz.

176 2334 219 2338 -
246 2314 262 2338 b
289 2325 377 2349 corr.
405 2325 472 2348 aus
497 2313 730 2357 Osnaburgge
759 2314 812 2358 Q,-
847 2312 1078 2356 Osenbrugge
1105 2312 1140 2346 P
1150 2325 1162 2355 ,·
1189 2310 1389 2355 Osnabrugi
1417 2310 1456 2345 O.
1485 2331 1528 2334 —
1554 2318 1568 2336 0
1593 2310 1729 2344 hostia-

175 2373 242 2406 tim
269 2373 314 2407 P.
343 2393 386 2397 —
412 2372 429 2397 d
455 2372 642 2407 Gertrudis
668 2373 712 2406 P.
742 2392 784 2396 —
820 2380 834 2397 e
860 2373 886 2415 f.
914 2372 1007 2406 Bon.
1044 2391 1087 2394 —
1121 2370 1135 2395 f
1156 2369 1353 2414 Lutgerum
1378 2370 1414 2404 P
1422 2383 1434 2413 ,-
1459 2369 1582 2413 Liutg.
1608 2370 1726 2404 Pertz.

175 2450 219 2455 —
246 2439 263 2464 g
288 2431 444 2475 Lutgero
472 2432 524 2474 P‚-
550 2431 672 2474 Liutg.
700 2432 818 2466 Perta.
849 2450 892 2454 -—
917 2430 934 2456 h
960 2440 1164 2475 persuasum
1190 2429 1235 2463 P.
1264 2449 1307 2453 -—
1333 2429 1342 2454 i
1368 2420 1510 2462 tantum
1537 2429 1632 2464 Bon.

316 2620 352 2661 1)
378 2618 444 2653 Die
480 2618 555 2653 drei
589 2618 738 2662 Bittage
777 2618 949 2653 zwischcn
975 2617 1054 2652 dem
1088 2617 1231 2652 fi'mften
1267 2617 1448 2660 Sonntage
1482 2616 1572 2650 nach
1598 2615 1727 2651 Ostern

174 2676 246 2710 und
272 2676 408 2712 Christi
433 2677 699 2712 Himmelfahrt.

317 2736 351 2780 2)
380 2735 594 2771 Osnabriick.
634 2756 677 2760 —
715 2737 749 2780 3)
775 2736 848 2770 Das
885 2747 944 2770 11111
979 2736 1070 2771 1140
1107 2735 1295 2779 gestiftete
1330 2733 1726 2769 Benediktinerfrauen-

174 2794 308 2829 kloster
334 2794 621 2839 Gertrudenberg
640 2806 701 2829 vor
727 2794 806 2830 dem
831 2795 1030 2829 Hasethore
1056 2805 1123 2828 von
1150 2794 1355 2830 Osnabriick
1382 2793 1578 2838 (Additam.
1605 2793 1638 2828 S.
1660 2794 1727 2828 107

175 2852 216 2887 A.
243 2853 289 2898 4).
319 2872 361 2877 —
387 2854 424 2898 4)
451 2854 518 2888 Ein
545 2854 646 2898 Auge
673 2865 741 2889 von
767 2853 896 2889 Wachs
923 2853 1059 2898 (Addit.
1088 2854 1111 2889 l.
1138 2864 1165 2888 0.
1192 2854 1233 2889 A.
1260 2854 1307 2898 5).
