1864 3213
448 147 546 189 Vita
576 147 726 201 rythm.
768 159 799 190 s,
836 145 1033 200 Liudgeri
1062 145 1133 187 let.
1166 145 1199 186 Ι.
1518 146 1599 189 161

258 264 322 307 Sic
353 264 396 305 in
427 264 670 306 alterutrum
706 264 867 318 eligunt
898 263 1174 314 concanbium,

327 335 403 377 hoc
435 335 519 376 est:
553 334 629 376 sibi
662 334 758 375 dare
788 333 962 375 invicem
995 333 1146 387 equale.

258 406 371 448 Tunc
403 418 541 447 servus
571 404 749 454 Domini,
781 404 851 445 ubi
884 404 1097 457 quicquam
1129 404 1281 458 proprii

326 476 482 531 cogitat
512 476 692 526 haberet,
725 474 829 527 quod
857 496 918 529 pro
944 485 1018 519 loco
1045 484 1164 520 daret:

96 549 194 591 865.
255 548 444 590 Mansum
477 546 519 587 in
550 546 742 600 proximo,
774 545 1010 605 providente
1041 545 1225 596 Domino,

332 618 429 660 olim
462 629 581 670 quem
614 617 773 658 emebat
789 618 817 667 1,
849 616 1052 668 proprium
1087 617 1272 660 habebat.

257 689 391 731 Huius
421 687 701 730 tantummodo
733 699 878 741 agrum
909 699 983 727 usu
1017 687 1095 729 alio

326 760 440 802 dedit
469 759 672 800 reservato
703 758 789 799 loco
821 770 892 810 pro
923 758 1080 810 prefato
1099 759 1125 801 2.

166 843 220 877 19.
261 822 347 882 Quo
378 830 486 872 facto
517 828 640 871 rediit
672 829 711 870 et
743 829 927 869 sanctum
959 830 1122 881 repetiit

95 902 192 945 870.
330 901 484 954 sibique
520 899 777 941 commissum
811 897 1006 940 Ostrache
1043 900 1270 952 predictum
1287 902 1314 942 3.

255 971 358 1006 Unde
383 972 624 1006 consueverat,
652 970 973 1014 quantumcumque
999 972 1151 1013 poterat,

326 1030 462 1064 cultum
487 1039 622 1073 semper
647 1029 721 1062 veri
748 1027 900 1062 dilatare
925 1027 1003 1069 Dei,

255 1091 404 1140 Donec,
436 1090 482 1131 ut
514 1089 686 1130 diximus
703 1089 732 1138 4,
766 1097 949 1132 widikint
983 1087 1228 1140 sevissimus,

326 1160 426 1195 venit
453 1159 627 1194 contraire
653 1158 790 1193 cunctis
815 1157 917 1192 bonis
944 1157 1037 1199 dire;
1235 1154 1240 1159 “

94 1209 192 1251 875·
254 1219 350 1254 Malo
376 1222 460 1254 tunc
486 1218 704 1263 tempori,
729 1217 823 1251 malo
849 1219 934 1251 tunc
959 1217 1111 1262 principi

325 1279 592 1313 arbitratus
618 1276 735 1311 cedi⁵
759 1277 970 1321 paciensque
995 1276 1078 1311 ledi.

255 1337 358 1373 Cum
383 1349 462 1372 nec
488 1337 658 1372 auxilium
683 1335 778 1380 plebi
805 1346 882 1370 nec
908 1337 1207 1380 martyriumG

326 1396 396 1431 sibi
418 1408 538 1431 servus
564 1395 699 1430 Christi
724 1397 843 1439 posset
869 1395 1032 1439 adipisci,

253 1455 303 1490 Et
327 1467 432 1490 suus
459 1455 568 1489 etiam
595 1455 801 1489 antistes
833 1454 877 1488 ad
903 1456 1057 1499 latriam

94 1504 192 1547 880.
325 1515 396 1549 iret
422 1516 507 1549 tunc
532 1514 710 1555 celestem,
736 1513 902 1558 linquens
928 1514 1017 1548 hanc
1044 1517 1260 1555 terrestrem,

255 1575 445 1616 Fratrum
477 1574 710 1616 substancia
741 1587 812 1627 per
843 1574 991 1616 fratres
1023 1585 1301 1630 dispositffl,

326 1646 648 1689 quantumcumque
674 1655 736 1678 sua
762 1643 886 1678 debuit
910 1655 972 1688 pro
999 1655 1091 1685 cura,

253 1716 454 1756 Romam,
484 1705 530 1745 Ut
562 1703 736 1746 diximus
752 1704 780 1754 8,
814 1725 892 1749 cum
919 1715 1131 1760 quibusdam
1157 1716 1331 1752 fratribus

324 1785 495 1824 pergere
521 1773 678 1808 decrevit
704 1776 741 1808 et
767 1775 838 1808 iam
864 1775 934 1809 iter
960 1775 1046 1818 egit.

93 1823 192 1865 885.
254 1833 298 1868 In
323 1844 391 1878 quo
417 1834 546 1868 itinere
573 1832 878 1877 Hildigrimus
904 1834 1046 1869 noniine

325 1892 458 1927 frater
483 1892 598 1926 minor
623 1892 764 1927 natu⁹
789 1896 844 1927 est
870 1894 906 1927 in
934 1895 1128 1935 comitatu;

255 1951 494 1987 Gerbertus
518 1952 659 1986 nomine
685 1954 724 1986 et
748 1951 910 1987 Castus
936 1954 1197 1996 cognomine

324 2011 381 2045 his
406 2013 461 2045 est
485 2011 650 2051 sociatus,
675 2010 738 2045 hos
765 2012 819 2044 est
845 2012 1036 2046 comitatus
1052 2013 1090 2047 ¹⁰.

252 2070 351 2104 Itum
377 2072 433 2105 est
461 2070 586 2113 igitur,
614 2069 715 2104 vadit
741 2072 777 2104 et
802 2069 984 2114 dirigitur,

91 2118 191 2160 890.
326 2140 393 2174 quo
419 2128 550 2164 dixerit
575 2130 682 2168 Deus.
708 2129 811 2164 utilis
841 2128 1041 2174 Liudgerus

253 2189 509 2234 Romamque
534 2191 692 2230 venerat,
719 2188 906 2223 Leonem
933 2193 1157 2231 convenerat,

324 2250 468 2282 sanetus
494 2250 615 2282 sancto
642 2250 804 2282 sanctum
832 2248 1000 2283 exhibens
1027 2249 1232 2285 adventum.

182 2341 263 2376 872.
289 2342 423 2376 cultum
450 2353 551 2386 corr,-
588 2353 650 2377 τοι·
686 2343 762 2377 ueri
799 2343 927 2377 Rctsur
967 2344 1007 2378 T.
1045 2363 1089 2367 —
1126 2344 1206 2378 875.
1233 2346 1320 2379 iiber
1353 2346 1427 2379 dem
1454 2347 1601 2381 zweiten

39 2399 153 2434 malo:
191 2400 248 2435 vel
276 2401 315 2435 T.
343 2421 387 2425 -
424 2402 504 2436 877.
542 2402 754 2446 martyrium
780 2413 848 2436 von
885 2403 1040 2437 auderet·
1065 2402 1183 2438 Hand
1212 2404 1289 2438 und
1314 2406 1378 2438 mit
1402 2406 1601 2440 selme-arzer

42 2459 148 2495 Time
173 2466 217 2501 (s.
242 2471 274 2495 υ.
300 2462 392 2503 223)
420 2460 460 2495 Τ.
501 2481 544 2485 -
581 2461 660 2496 880.
696 2461 769 2495 iam
807 2472 896 2496 corr.
925 2462 965 2496 T.
1004 2482 1048 2486 —
1085 2463 1165 2496 884.
1198 2474 1341 2506 pergere
1367 2474 1456 2498 corr.
1487 2464 1525 2499 T.
1556 2484 1598 2489 -—

40 2517 119 2553 888.
145 2519 281 2554 scheint
305 2530 395 2555 corr.
422 2531 489 2555 aus
513 2519 571 2554 hic
599 2520 638 2554 T.
668 2540 711 2544 —
737 2521 817 2555 891.
845 2520 916 2555 fuit
945 2520 1016 2554 Leo
1042 2522 1075 2555 3.
1102 2532 1192 2565 papa
1220 2521 1342 2556 Glosse
1370 2522 1410 2556 T.

182 2661 217 2706 1)
245 2661 312 2696 796
336 2661 432 2696 Miirz
458 2662 515 2696 31.
555 2681 599 2686 —
637 2662 672 2707 2)
700 2661 734 2696 S.
762 2662 795 2696 S.
824 2662 868 2696 74
893 2662 935 2696 A.
961 2663 995 2696 4.
1024 2682 1067 2687 -
1093 2663 1129 2705 3)
1156 2662 1234 2698 Wie
1273 2662 1335 2697 das
1360 2664 1596 2708 privilegium

39 2721 133 2754 setzt
158 2720 248 2755 auch
273 2720 334 2755 det
359 2720 507 2755 Dichter
545 2720 602 2755 die
639 2721 860 2765 Erwcrbung
884 2721 1055 2756 Werdcns
1094 2722 1190 2766 (799)
1230 2733 1290 2756 vor
1329 2722 1384 2756 die
1417 2723 1597 2757 Romreise

38 2777 215 2823 Liudgers
240 2780 358 2825 (784);
385 2780 433 2814 im
453 2779 629 2824 Ostergau
655 2780 782 2815 wirkte
807 2781 964 2825 Liudger
991 2792 1057 2815 von
1079 2782 1273 2816 777—784.
1295 2802 1337 2807 —
1355 2783 1391 2826 4)
1418 2782 1495 2816 Let.
1515 2782 1543 2816 I.
1563 2793 1594 2816 V.

40 2836 108 2872 761
135 2838 170 2873 ff.
198 2858 242 2863 —-
269 2839 305 2882 5)
331 2839 418 2874 Vita
443 2839 491 2874 II.
520 2842 620 2874 c.13.
648 2860 692 2864 —
718 2841 754 2885 6)
781 2840 869 2874 Vita
895 2841 963 2875 ΙΙΙ.
991 2851 1018 2874 c.
1048 2841 1102 2875 18.
1131 2860 1173 2865 —
1201 2842 1234 2885 7)
1261 2841 1348 2874 Vita
1374 2841 1403 2875 1.
1429 2851 1455 2875 c.
1476 2842 1531 2876 21.
1553 2861 1597 2866 -

38 2895 76 2940 8)
101 2896 143 2931 V.
171 2897 239 2932 778
264 2897 299 2932 ff.
328 2917 372 2922 —
411 2898 446 2943 9)
473 2899 560 2933 Vita
585 2899 633 2933 II.
660 2899 683 2933 1.
711 2910 747 2941 c;
774 2900 851 2934 vita
876 2900 944 2934 III.
971 2899 994 2934 l.
1021 2911 1048 2934 c.
1077 2919 1120 2925 —-
1147 2901 1206 2945 10)
1232 2900 1318 2934 Vita
1343 2900 1371 2934 1.
1399 2901 1421 2934 1.
1449 2911 1478 2935 c.

1332 2963 1380 3001 11
