1801 3213
539 119 722 163 Libellus
754 117 1096 162 Monasteriensis.
1518 116 1604 160 245

48 239 90 281 et
120 237 307 281 certatim
339 237 519 280 crinibus
550 237 603 279 ad
633 249 781 291 aquam
821 236 1072 279 trahebatur.
1134 234 1183 276 In
1223 246 1345 289 quam
1386 247 1480 276 cum
1520 234 1603 276 iam

47 309 154 352 esset
183 307 510 362 precipitandus,
557 307 723 361 quidam
764 306 1046 349 ministerialis
1093 305 1262 348 ecclesie
1303 305 1600 359 superveniens,

46 392 98 422 ne
130 379 306 433 amplius
337 378 438 421 mali
469 379 506 419 ei
536 379 729 430 facerent,
761 377 954 419 inhibuit.
1000 377 1173 431 Ereptus
1194 376 1330 430 itaque
1360 388 1384 418 a
1416 375 1602 418 manibus

43 463 184 493 eorum
216 449 328 493 venit
359 449 412 492 ad
442 449 675 503 hospitale1
712 462 859 504 rogans
897 448 1149 490 infirmorum
1180 446 1439 501 provisorem,
1472 447 1518 488 ut
1540 446 1603 488 sui

45 520 317 563 misereretur.
379 520 572 563 Recitans
605 520 748 571 eciam,
787 519 962 573 qualiter
1005 519 1231 561 tractatusa
1261 518 1386 569 esset,
1433 517 1601 560 iurando

43 590 281 642 inculcavit,
314 591 407 645 quia
438 603 511 633 nec
547 591 700 633 malum
733 591 830 632 tunc
861 590 1024 632 fecisset
1055 602 1127 632 nec
1159 601 1229 642 pro
1252 589 1359 630 malo
1390 588 1599 630 faciendob

43 662 236 704 venisset.
299 661 455 714 Quibus
485 661 816 704 concurrentibus
862 660 933 702 1116
980 659 1256 702 misericordia
1304 659 1436 701 motus
1484 658 1598 710 dixit,

40 732 148 786 quod
179 733 372 783 intraret,
415 733 455 774 et
486 732 675 775 adhibuit
707 732 743 774 ei
775 744 934 783 curam,
974 744 1094 785 quam
1124 730 1269 784 potuit.
1331 729 1600 772 Refocillatus

41 804 182 845 autem
213 804 311 857 potu
342 803 450 856 cepit
480 804 565 845 tam
599 803 704 845 111616
745 803 914 854 habere,
957 802 1060 856 quod
1102 801 1264 856 rogavit
1304 801 1437 843 vocari
1469 812 1600 842 sacer-

40 873 191 925 dotem,
225 874 271 915 ut
302 886 444 928 corpus
476 874 640 916 Domini
673 874 883 927 acciperet.
949 872 1035 925 Quo
1065 873 1218 922 vocato,
1256 883 1330 913 nec
1361 870 1599 924 loquebatur

41 957 116 987 nec
146 945 342 1000 agnovitc
374 945 565 999 aliquem.
627 945 817 987 Preterea
853 944 932 998 ipsi
963 956 1078 986 verso
1118 955 1237 997 supra
1270 942 1338 984 etd
1368 942 1527 994 pectore
1559 941 1598 983 et

39 1015 174 1069 capite
206 1016 248 1057 in
279 1016 363 1058 alto
395 1015 491 1058 lecti
512 1016 654 1069 posito,
688 1016 853 1070 sanguis
886 1015 934 1057 de
964 1016 1124 1069 pectore
1155 1026 1225 1067 per
1252 1026 1294 1055 os
1326 1012 1495 1064 effluxit,
1529 1013 1597 1054 ute

39 1099 119 1129 11011
150 1086 271 1129 aliter
302 1099 422 1140 quam
454 1087 490 1128 si
522 1086 559 1128 ei
600 1086 721 1141 pedes
764 1099 856 1128 cum
901 1087 1044 1129 trunco
1090 1085 1263 1139 corporis
1296 1085 1429 1126 essent
1460 1084 1596 1125 erecti.

39 1157 155 1210 Quod
177 1158 353 1211 qualiter
374 1158 492 1208 esset,
517 1170 608 1199 cum
626 1170 709 1209 nos,
744 1156 812 1211 qui
833 1157 1036 1207 affuimus,
1063 1156 1384 1206 ammiraremur,
1418 1154 1525 1207 cepit
1546 1153 1597 1195 ad

37 1228 286 1282 loquendum
316 1228 501 1283 linguam
535 1241 694 1270 movere
742 1229 783 1270 et
813 1228 979 1270 tandem
1016 1227 1268 1281 loquebatur,
1302 1225 1407 1279 quod
1438 1225 1503 1268 vix
1534 1224 1597 1265 in-

36 1299 289 1342 telleximus:
326 1299 533 1350 ,Sanctum
567 1299 839 1352 sepulchrum,
873 1300 1010 1341 sancte
1032 1298 1294 1341 Johanneslf‘
1343 1297 1428 1349 Quo
1460 1296 1594 1338 labore

38 1371 88 1412 (16
120 1370 323 1413 dominica
355 1370 407 1412 ad
447 1371 600 1412 sextam
643 1370 788 1412 feriam
836 1370 1029 1421 durante,
1078 1369 1185 1411 circa
1231 1368 1399 1410 terciam
1440 1367 1593 1417 horam,

35 1454 130 1484 cum
163 1441 246 1483 iam
277 1441 489 1495 putaretur
521 1441 765 1489 moriturus,
812 1442 951 1494 utpote
982 1441 1022 1482 in
1057 1453 1134 1494 quo
1165 1452 1237 1481 nec
1267 1438 1406 1481 vitalis
1438 1438 1595 1492 poterat

37 1512 190 1554 dinosci
222 1514 369 1564 motus,
404 1525 450 1555 ex
470 1512 687 1566 improviso
719 1512 844 1554 dixit:
880 1512 1078 1563 ,Domine,
1110 1512 1212 1553 bene
1244 1509 1445 1561 veniatis‘,
1479 1510 1519 1551 et
1550 1521 1594 1551 eo

33 1582 158 1634 dicto,
192 1582 339 1625 iterum
372 1595 442 1625 suo
473 1583 590 1625 modo
630 1583 770 1635 iacuit,
811 1595 883 1625 nec
924 1583 994 1624 diu
1025 1583 1123 1636 quin
1155 1582 1328 1624 diceret:
1393 1581 1590 1632 ,Domine,

179 1707 195 1726 a
219 1702 357 1735 tractus
382 1700 476 1735 Bon.
503 1719 547 1724 —
573 1700 589 1726 b
616 1701 652 1735 P
674 1712 701 1736 s.
727 1701 771 1736 h.-
796 1703 892 1737 tunc.
912 1720 955 1726 —
981 1708 995 1727 0
1022 1700 1191 1745 cognovit
1215 1699 1308 1734 Bon.
1343 1718 1385 1723 —
1411 1698 1429 1724 d
1453 1698 1480 1742 f.
1498 1698 1591 1733 Bon.

36 1778 78 1783 -
105 1766 120 1784 e
145 1759 173 1803 f.
199 1759 293 1794 Bon.
322 1779 364 1797 ,-
391 1759 406 1784 f
428 1760 543 1794 sancti
569 1758 744 1794 Johannis
769 1760 815 1794 P.

31 1913 78 1947 21
105 1911 271 1947 verkauft
295 1912 374 1947 laut
413 1911 474 1947 der
511 1912 596 1948 Urk.
635 1912 895 1947 Fiirstenthum
931 1912 1092 1947 Miinster
1119 1912 1224 1956 724s5
1261 1912 1310 1945 im
1340 1911 1424 1955 Kgl.
1451 1910 1591 1945 Staats-

31 1971 182 2012 archiv).
236 1972 361 2012 „Seine
387 1971 484 2016 Lage
510 1971 662 2016 ergeben
689 1972 770 2006 sehr
794 1983 912 2016 genau
937 1971 994 2006 <lie
1020 1971 1141 2006 Worte
1167 1970 1227 2005 der
1252 1969 1420 2005 Urkunde
1446 1967 1591 2003 Bischof

32 2029 181 2064 Ludolfs
208 2041 275 2065 von
305 2030 395 2066 1240
432 2030 610 2076 (Westfal.
637 2031 840 2066 Urk.-Bueh
865 2031 934 2066 ΙΙΙ.
960 2030 1063 2076 440),
1103 2031 1212 2065 worin
1247 2040 1283 2064 er
1317 2029 1395 2064 dem
1421 2028 1588 2069 Priester,

29 2088 94 2124 der
122 2090 317 2134 „capellam
341 2091 499 2124 nostram
526 2090 563 2125 in
589 2090 691 2125 domo
708 2093 830 2125 nostra
855 2090 1086 2125 Monasterii“
1115 2101 1156 2124 zu
1180 2089 1301 2124 Lehen
1325 2088 1401 2129 hat,
1427 2087 1589 2132 zugleich

29 2148 122 2183 auch
149 2159 290 2189 „aream
316 2149 351 2183 in
379 2149 447 2183 fine
474 2150 622 2194 pomerii
648 2151 764 2184 nostri
802 2151 902 2185 iuxta
935 2152 1080 2194 pontem
1114 2149 1159 2183 ad
1184 2160 1270 2194 opus
1296 2148 1428 2193 capelle
1454 2148 1585 2192 ipsius“

32 2206 233 2252 iibertragt.
283 2208 384 2242 Auch
408 2208 546 2243 Erhard
580 2208 718 2253 (Gesch.
745 2220 813 2243 von
838 2210 1001 2244 Miinster
1027 2209 1061 2243 S.
1088 2209 1169 2254 124)
1207 2207 1311 2242 sucht
1337 2207 1399 2242 das
1436 2206 1588 2242 bischof-

31 2265 125 2301 liche
150 2266 249 2302 Haus
274 2268 312 2301 in
338 2266 398 2302 der
423 2267 524 2302 Nahe
551 2267 611 2303 des
631 2268 924 2313 Spiegelthurms.
951 2295 959 2303 .
988 2296 994 2302 .
1023 2295 1030 2302 .
1082 2267 1220 2313 Spaten
1246 2267 1310 2302 wir
1335 2267 1461 2301 wissen
1486 2265 1587 2300 nicht

30 2335 93 2360 aus
118 2326 287 2361 welchem
314 2325 479 2366 Grunde,
518 2327 635 2362 wurde
661 2327 718 2362 die
754 2327 979 2362 bisch'ofliche
1014 2326 1186 2362 Residenz
1209 2327 1248 2361 in
1275 2326 1337 2361 das
1359 2326 1494 2370 jetzige
1520 2326 1586 2360 Re-

28 2384 365 2429 gierungsgebaude
391 2385 456 2420 auf
479 2384 558 2420 dem
583 2386 756 2421 Domhofe
783 2387 942 2431 verlegt,
980 2397 1032 2421 wo
1070 2386 1134 2421 wir
1171 2386 1221 2421 sie
1259 2386 1366 2420 schon
1403 2386 1452 2420 im
1478 2385 1586 2419 Jahre

30 2444 123 2479 1280
148 2444 327 2488 (Westfal.
352 2444 581 2480 Urk.-Bueh
607 2445 674 2480 ΙΙΙ.
704 2447 808 2490 1103)
843 2444 995 2480 finden.“
1047 2445 1115 2479 Ein
1151 2444 1306 2480 ferneres
1342 2444 1586 2479 bischiifliches

27 2501 127 2537 Hans
152 2513 223 2537 war
248 2503 313 2538 auf
335 2502 396 2538 der
420 2504 715 2539 wahrscheinlieh
743 2515 810 2540 von
837 2505 1018 2539 Hermann
1045 2504 1094 2539 ΙΙ.
1123 2503 1388 2548 (1174-1202)
1414 2503 1585 2538 erbauten

28 2559 127 2605 Burg
151 2561 216 2596 auf
237 2561 317 2597 dem
343 2562 578 2607 Bispinghofe
605 2564 788 2609 (Zeitschr.
814 2564 873 2599 fiir
898 2564 1012 2598 westf.
1038 2562 1164 2599 Gesch.
1188 2574 1222 2598 u.
1248 2562 1406 2598 Alterth.
1432 2561 1583 2596 XXXII.

30 2621 98 2656 168
123 2621 185 2666 ff).

170 2681 207 2725 1)
231 2680 304 2716 Das
329 2681 745 2726 Magdalenenhospital,
784 2681 933 2716 welches
956 2680 1032 2722 ¹,bis
1058 2691 1135 2715 zum
1160 2680 1268 2715 Jahre
1295 2681 1387 2716 1828
1413 2680 1583 2714 zwischen

24 2736 94 2772 den
121 2739 204 2773 zwei
229 2739 391 2774 Bri'icken
416 2739 477 2775 des
503 2740 752 2785 Spiekerhofes
778 2741 850 2786 lag,
877 2740 942 2775 auf
964 2740 1025 2775 der
1044 2739 1291 2781 Grundfliiche,
1318 2739 1375 2774 die
1397 2739 1489 2784 jetzt
1515 2750 1583 2774 von

26 2795 87 2831 der
112 2797 482 2841 Magdalenenstrasse
508 2799 803 2835 durchschnitten
829 2799 936 2834 wird¹¹
978 2797 1123 2844 (Tibus:
1158 2797 1583 2843 Grundungsgeschiehte

27 2853 56 2889 Ι.
83 2856 128 2890 94
153 2855 215 2901 ff.).
