1801 3213
224 165 312 207 204
623 165 720 206 Vita
751 165 902 220 rythm.
935 178 965 209 s.
993 165 1189 220 Liudgeri
1220 165 1289 209 let.
1322 165 1374 209 11.

435 281 510 316 Hoc
535 283 620 316 ante
645 282 775 322 omnia,
802 283 843 316 ut
874 282 918 316 in
945 292 1007 316 sua
1033 281 1281 317 Werthina

505 340 633 375 celitus
659 340 838 375 indultum
865 339 996 375 habeat
1027 340 1279 385 sepulchrum.

436 398 535 442 Quod
561 399 687 434 statim
713 399 897 444 populus
932 399 1063 433 clamat
1087 399 1183 434 nolle
1208 400 1363 444 penitus,

248 459 372 502 1030·
506 459 623 502 magis
649 459 698 493 sit
731 457 902 492 amandus
928 468 1043 492 secum
1070 457 1312 501 tumulandus,

435 516 547 560 Quam
572 517 691 552 sitin
716 517 860 552 aliam
885 517 1079 562 portandus
1114 518 1422 563 parrochiam,

506 587 612 621 quam
637 577 712 611 sint
743 576 920 622 perdituri
946 588 1069 623 corpus
1095 579 1211 613 sancti
1236 580 1304 615 sui.

434 646 534 690 Quod
560 647 685 682 statim
716 638 901 680 monachi
933 659 1003 683 non
1028 648 1155 684 debere
1181 650 1258 684 fieri

497 706 576 741 ideo
601 706 780 749 dicebant,
806 708 974 753 quoniam
999 708 1171 751 sciebant,

246 766 371 809 1035,
433 765 533 809 Quod
558 768 652 801 esset
676 766 884 802 Werthinae
910 768 1206 803 commendandus
1231 778 1382 813 corpore,

504 824 566 860 ubi
593 825 816 866 decrevisset,
842 825 903 861 ubi
929 827 1154 871 precepisset.

436 885 468 926 E
501 886 639 927 eontra
670 885 765 928 laici
797 887 919 940 atque
951 887 1116 941 quidam
1148 887 1300 938 clerici,

507 956 622 1010 quasi
644 957 724 999 vim
755 957 962 1008 habentes,
995 972 1098 1004 erant
1124 970 1342 1011 resistentes,

432 1027 466 1068 E
498 1028 637 1069 eontra
668 1029 855 1070 monachi
886 1039 1021 1074 iustum
1048 1051 1122 1074 esse
1147 1041 1223 1075 fieri

244 1085 369 1127 1040.
503 1096 679 1138 dixerant,
705 1097 798 1142 quod
823 1098 918 1133 Deus
944 1099 1053 1134 vellet
1079 1101 1117 1134 et
1141 1099 1351 1144 Liudgerus.

432 1155 524 1190 Nam
550 1155 633 1191 dum
659 1156 856 1192 discederet
881 1157 924 1192 de
948 1158 1091 1202 mundo,
1116 1160 1343 1203 promitteret

503 1216 644 1260 signum
671 1226 807 1261 quoque
833 1228 940 1251 unum
968 1229 1071 1262 super
1097 1218 1153 1252 his
1179 1217 1351 1259 futurum,

432 1273 506 1309 Hoc
532 1276 715 1319 expectare
741 1286 776 1310 se
803 1276 872 1310 iam
901 1275 1027 1311 debere
1052 1277 1223 1322 velleque,

502 1333 645 1378 insuper
671 1336 861 1369 venturum
887 1335 1035 1370 fratrem
1062 1347 1199 1381 quoque
1225 1348 1336 1371 suum.

243 1393 369 1435 1045,
433 1391 461 1427 O
487 1403 621 1427 summe
646 1392 808 1434 Domine,
836 1396 1008 1438 quantum
1035 1405 1095 1438 pro
1126 1395 1190 1429 hoc
1216 1395 1358 1430 homine

502 1454 646 1487 sanctae
672 1452 871 1488 voluntatis
898 1453 1168 1498 implementum
1195 1453 1302 1489 facis!

432 1510 531 1545 Sicut
562 1511 723 1546 voluerat
761 1514 798 1546 et
824 1512 916 1546 sicut
940 1512 1154 1557 predixerat,

501 1570 688 1612 cernimus,
714 1581 733 1605 ο
760 1569 914 1610 Christe,
940 1574 1035 1606 certe
1060 1574 1097 1607 te
1123 1571 1258 1607 fecisse.

430 1628 597 1664 Fratrum
623 1631 661 1663 et
686 1629 805 1674 populi
832 1640 913 1664 nam
940 1630 1026 1665 talis
1052 1631 1169 1675 litigii

242 1688 367 1731 1050,
500 1688 574 1723 tale
601 1689 637 1723 in
663 1688 836 1724 libramen
864 1700 1003 1724 versum
1029 1693 1084 1724 est
1110 1693 1300 1731 certamen,

430 1747 481 1782 Ut
506 1747 651 1782 tandem
677 1748 811 1792 pariter
837 1759 957 1783 omnes
983 1750 1222 1794 equanimiter

501 1806 538 1840 in
564 1806 628 1840 hoc
654 1805 942 1847 concordarent,
976 1806 1067 1841 illud
1093 1807 1347 1849 collaudarent,

431 1876 494 1911 Ad
525 1866 815 1908 MonaSterium
847 1879 897 1911 ut
922 1877 1086 1912 ferrent
1111 1879 1323 1923 episcopum,

500 1934 561 1970 sed
587 1946 656 1970 non
682 1936 874 1980 sepelirent
900 1938 937 1970 et
962 1937 1011 1970 sic
1038 1936 1268 1978 custodirent,

242 1995 366 2038 1055.
428 2006 548 2040 Donec
573 2007 753 2051 episcopus
783 1995 876 2037 alliS
908 2008 999 2038 eum
1031 1997 1227 2039 fratribUS

500 2063 738 2108 Hildigrimus
764 2067 883 2109 posset
908 2066 1019 2110 queri,
1045 2068 1086 2100 ut
1112 2065 1262 2107 adesset,

430 2135 513 2178 Qui
547 2137 685 2170 tunel
712 2125 753 2166 in
785 2125 956 2167 Fl'anCia
986 2138 1126 2182 propria
1153 2138 1379 2173 aecclesia

500 2206 844 2242 Catalaunensi
870 2207 942 2242 fuit
968 2198 1041 2238 SUb
1074 2198 1264 2240 Remeusi
1284 2200 1309 2239 ².

337 2265 382 2300 24
431 2264 631 2309 Liudgerus
657 2266 773 2309 igitur
798 2266 939 2300 levatus
965 2266 1151 2301 deducitur

242 2325 365 2368 1060·
499 2335 658 2367 magno
686 2335 778 2358 cum
806 2336 933 2366 amore,
960 2326 1076 2370 ymnis
1103 2329 1138 2360 et
1164 2326 1378 2368 honoress,

429 2382 478 2418 Et
502 2383 628 2417 matris
653 2383 797 2417 Domini
824 2384 1039 2428 importatur
1064 2384 1181 2419 domui

499 2453 620 2497 populi
646 2452 690 2487 ad
717 2455 838 2488 votum
868 2443 1073 2485 MOHaSssl'e
1106 2456 1141 2489 in
1169 2455 1294 2496 locum,

430 2511 501 2546 Ubi
527 2511 732 2546 mirifica
758 2514 934 2557 corporis
961 2513 1234 2557 fraglancia

499 2571 650 2615 gloriam
676 2570 834 2606 defuncti
860 2571 1094 2616 predicabant
1126 2573 1284 2607 cuncti.

361 2654 461 2689 1042.
488 2665 578 2689 corr.
606 2665 673 2688 aus
698 2654 759 2688 hos
788 2654 826 2688 T.
855 2674 898 2679 --
926 2655 1016 2689 1043
1030 2654 1054 2688 f.
1081 2655 1392 2700 uelleque—suum
1418 2657 1482 2691 wie
1507 2656 1540 2690 Ι.
1566 2658 1661 2691 1338
1688 2656 1728 2693 T.

358 2772 392 2815 1)
419 2771 505 2806 Vita
530 2771 599 2807 111.
626 2772 648 2806 l.
675 2783 703 2806 c.
732 2791 775 2796 -—
801 2773 836 2817 ⁶2)
863 2773 945 2816 Vgl.
972 2772 1060 2807 oben
1088 2784 1119 2807 v,
1148 2774 1225 2807 79⁶2.
1254 2793 1298 2798 —
1332 2774 1366 2817 3)
1393 2773 1435 2808 In
1462 2774 1539 2807 vita
1564 2772 1611 2807 11.
1637 2783 1671 2807 u.
1697 2771 1766 2808 ΙΙΙ.

214 2829 240 2864 1.
266 2840 294 2864 0.
321 2829 407 2864 wird
433 2829 508 2864 dies
534 2841 601 2864 von
640 2830 718 2865 dem
753 2830 1014 2865 Aufbewahren
1052 2831 1112 2866 des
1150 2831 1319 2875 Heiligen
1356 2832 1392 2866 in
1419 2831 1481 2866 der
1502 2831 1767 2883 *Matienkirche

211 2890 356 2932 gesagt.
1287 2886 1295 2894 '
