1801 3213
85 399 184 442 350.

84 799 183 842 355.

81 1106 180 1148 360.

83 1411 192 1467 365.

84 1734 183 1776 370.

83 2055 182 2098 375.

417 163 514 204 Vita
545 162 696 217 rythm.
729 175 760 204 s.
794 161 988 216 Liudgeri
1023 161 1094 203 let.
1132 160 1206 202 ΙΙΙ.

248 279 282 314 Ν
291 290 308 314 e
321 306 328 321 ‚
355 279 438 314 dum
464 278 602 313 assidue
629 278 844 313 decrevisset
869 278 987 319 affore,

318 339 410 373 ullas
436 348 460 382 g
470 349 516 372 ra
528 338 662 372 vitates
687 339 834 381 poneret
860 338 897 371 in
923 336 1042 371 fratr
1052 347 1070 371 e
1080 348 1107 370 S.

248 397 318 433 Sed
342 396 424 431 dum
455 396 605 431 cervisia
631 397 703 430 suis
731 407 756 429 n
766 406 784 430 e
794 406 811 430 c
822 407 840 430 e
851 407 866 430 s
877 407 891 430 s
902 406 948 430 ar
959 396 972 430 i
983 406 1003 430 a

319 456 418 491 nulla
443 455 644 496 haberetur,
671 454 743 489 nisi
768 466 789 499 p
801 465 820 489 a
831 466 847 488 r
857 465 877 489 a
887 457 995 496 retur,

247 517 373 571 (Nam
405 517 467 558 est
497 514 729 557 huiusmodi
759 514 889 556 tritici
921 514 985 556 vel
1017 514 1158 556 hordei

318 586 491 640 quadam
529 584 753 627 confectiva
784 584 940 626 editum
971 584 1116 636 farina,

250 656 360 710 Quae
393 657 489 698 dum
521 655 781 709 perfunditur
811 668 914 709 aqua
946 656 1067 709 atque
1099 655 1296 709 coquitur,

318 727 366 769 fit
397 726 602 768 interdum
634 739 738 779 aqua
771 726 863 767 vino
895 727 1143 782 comparata)

246 797 340 832 Ante
366 807 402 831 se
429 797 566 841 aliquos
590 795 708 830 Dindo
734 795 836 830 misit
860 794 1010 830 famulos

317 856 362 891 ad
388 854 603 891 conficienda
630 855 722 889 talia
747 853 920 889 habenda.

246 915 314 959 Qui
341 916 628 959 supervenerant,
656 913 739 948 dum
765 914 836 948 iam
862 914 955 948 festa
981 913 1132 949 aderant

317 973 431 1009 adhuc
456 984 527 1008 non
552 973 697 1014 famosa,
724 974 887 1019 quamvis
913 974 1078 1018 gloriosa,

247 1035 307 1076 At
338 1034 433 1076 solis
465 1033 670 1076 monachis
702 1035 823 1087 atque
855 1034 937 1075 suis
969 1034 1136 1076 famulis

317 1105 450 1147 adhuc
481 1105 698 1154 celebrata,
733 1104 911 1146 nondum
942 1105 1154 1158 propalata
1169 1107 1197 1156 ¹,

247 1175 336 1211 Cum
363 1177 457 1210 esset
482 1185 573 1209 nova
599 1186 666 1216 res,
693 1185 807 1219 neque
833 1174 946 1209 adhuc
971 1175 1073 1209 fieret

317 1247 646 1291 sollempnitas
671 1257 793 1281 sacra
825 1236 960 1289 palam
993 1246 1167 1281 feriata.

245 1306 289 1341 In
315 1307 391 1350 ipso
417 1307 532 1350 igitur
557 1305 630 1340 die
657 1306 720 1340 hoc
746 1306 918 1350 incipitur

316 1376 412 1410 opus,
440 1366 500 1410 qui
527 1365 744 1409 Liudgerum
769 1366 918 1400 miserat
942 1365 979 1399 in
1005 1365 1136 1400 celum:

245 1425 429 1468 Pendenl]
461 1426 654 1477 caldaria,
688 1437 817 1480 ligna
846 1435 974 1471 ardent
999 1437 1164 1481 plurima,

318 1496 378 1530 secl
404 1495 613 1531 durabant
637 1507 760 1541 parum
787 1507 882 1531 more
908 1496 1208 1541 stipularum,

244 1554 293 1590 Et
318 1555 402 1590 dum
427 1556 615 1601 pluraliter
640 1567 720 1601 sepe
751 1558 788 1591 et
813 1556 977 1591 celeriter

315 1616 430 1650 multa
455 1616 743 1657 summittuntur,
770 1616 896 1650 statim
924 1616 1188 1650 consumuntur.

245 1673 386 1708 Debens
411 1674 617 1716 fervescere,
642 1675 817 1720 nequibat
842 1675 1022 1716 calescere,

318 1735 360 1767 ut
385 1732 530 1768 daretur
555 1744 656 1769 nosse
681 1735 735 1768 nil
760 1733 905 1769 secundi
930 1745 1014 1768 esse.

247 1792 409 1827 Tamen
435 1793 661 1835 institerant,
688 1793 784 1828 facta
810 1805 891 1838 sepe
917 1793 1085 1835 fecerant,

315 1851 376 1886 sed
401 1852 453 1886 nil
479 1852 713 1897 profecerunt,
741 1854 880 1898 quocies
905 1848 1076 1888 fecerunt.

245 1912 427 1954 Tandem
460 1914 506 1954 ut
537 1914 734 1966 poterant,
774 1914 870 1955 dum
903 1914 1034 1956 colare
1066 1914 1257 1966 ceperant

317 1997 465 2038 aquam
497 1985 546 2026 de
578 1985 782 2026 frumento
819 1985 991 2038 quodam
1024 1985 1304 2035 instrumento,

244 2053 344 2089 Sicut
369 2056 549 2099 perierant
574 2056 704 2096 omnia,
731 2066 799 2100 que
824 2055 995 2097 fecerant,

316 2115 439 2167 periit
470 2117 512 2156 et
541 2128 621 2156 una
652 2115 741 2168 ipsa
772 2116 975 2165 colatura3

245 2183 337 2218 Nam
363 2195 498 2229 aquae
524 2185 690 2229 sparsio
718 2185 774 2219 vel
799 2195 893 2219 man
905 2196 928 2219 u
954 2184 1011 2218 vel
1038 2184 1188 2225 vasculo,

316 2244 426 2278 sicut
450 2254 525 2278 mos
550 2246 616 2286 est,
642 2244 740 2279 facta
766 2244 838 2279 fuit
862 2247 904 2279 ut
929 2243 1074 2285 infecta,

174 2373 252 2409 353.
279 2375 386 2419 atque
411 2374 575 2419 coquitur
600 2375 666 2410 wie
689 2385 720 2410 v.
747 2376 811 2408 119
838 2373 878 2408 T.
907 2393 949 2398 —
976 2373 1045 2408 360
1060 2373 1083 2407 f.
1109 2373 1175 2407 wie
1198 2384 1231 2408 v.
1257 2374 1320 2407 119
1347 2372 1387 2407 T.

1505 161 1588 203 211

176 2517 210 2561 1)
236 2516 336 2551 Nach
361 2517 438 2551 vita
464 2516 534 2551 111.
560 2516 584 2550 l.
610 2526 637 2551 c.
666 2515 783 2551 wurde
810 2515 871 2550 das
897 2515 984 2549 Fest
1008 2525 1068 2548 zur
1093 2514 1172 2548 Zcit
1197 2512 1257 2548 des
1283 2512 1459 2548 V-orfallcs
1486 2513 1588 2548 uber-

33 2574 146 2620 haupt
170 2575 272 2610 nicht
295 2575 459 2620 gefeiert,
489 2576 659 2611 vielmehr
684 2576 824 2610 scheint
850 2574 910 2609 der
930 2574 1110 2608 Verfasser
1137 2572 1218 2608 dort
1242 2573 1300 2608 die
1322 2573 1589 2617 Veranlassung

33 2645 76 2669 zu
101 2635 282 2677 erzahlen,
321 2635 474 2670 weshalb
513 2635 571 2670 die
608 2635 710 2670 Feier
747 2634 808 2669 (les
838 2634 961 2669 Festos
991 2633 1050 2668 bei
1080 2632 1147 2667 den
1173 2632 1346 2667 Mouchen
1372 2632 1430 2675 („a
1457 2633 1588 2666 nostris

34 2692 128 2728 diem
154 2704 228 2729 esse
266 2693 503 2740 feriandum“)
541 2694 748 2739 eingefiihrt
773 2693 910 2734 wurde,
946 2692 1018 2727 und
1048 2693 1097 2727 im
1122 2691 1313 2736 folgenden
1338 2691 1479 2736 Capitol
1505 2694 1587 2732 erst,

33 2751 87 2787 als
111 2752 173 2787 das
198 2753 342 2789 Kloster
366 2753 436 2788 mit
461 2754 583 2788 seinen
616 2754 754 2788 Leuten
793 2752 960 2797 („fratres
991 2762 1070 2786 cum
1095 2752 1228 2786 nostris
1253 2750 1494 2795 hominibus“)
1521 2749 1590 2785 den

34 2811 112 2857 Tag
137 2813 269 2849 bereits
294 2814 438 2849 festlich
462 2814 608 2859 beging,
640 2813 697 2848 die
726 2813 1104 2857 Verallgemeinerung
1129 2810 1190 2845 cler
1216 2809 1327 2845 Feier.

1215 2893 1304 2934 14*
