1864 3213
271 154 353 200 160
666 147 763 198 Vita
792 146 941 210 rythm.
983 167 1015 197 s.
1049 146 1242 210 Liudgeri
1279 146 1349 199 let0
1379 147 1412 197 Ϊ.

479 275 552 317 Est
582 273 624 316 in
656 272 824 316 confinio
857 273 1117 316 amborumve
1147 272 1320 314 termino

547 345 597 388 ab
630 344 751 386 istinc
783 344 1041 396 Francorum,
1074 344 1125 386 ab
1158 343 1251 385 hino
1283 343 1610 398 Westphalorum

317 416 415 459 835.
479 417 618 468 Locus,
651 427 728 469 qua
759 414 923 457 veniens
954 414 1064 456 Rura
1097 415 1136 456 et
1167 414 1387 468 preteriens

548 487 614 529 via
646 499 724 528 non
755 485 837 527 iam
869 485 1001 527 multa
1031 485 1143 527 Reno
1175 485 1236 527 est
1267 485 1485 539 assumpta.

477 558 596 599 Hunc
627 557 757 599 locum
791 556 1003 607 montium,
1036 556 1163 598 silvae
1194 556 1258 598 vel
1291 555 1499 598 foneium¹

548 627 758 670 frondibus
789 627 1020 678 ioeundant,
1053 627 1196 669 rivulis
1227 627 1440 679 inundant,

479 699 604 752 Quem
637 698 751 752 quasi
782 698 938 740 medius
969 698 1117 753 irrigat
1147 697 1346 749 fluviolus,

316 773 412 815 840.
546 770 760 812 Werthina
792 769 968 819 vocatus,
1003 768 1171 822 desuper
1202 769 1380 821 notatus,

477 842 530 884 Et
561 841 601 882 in
633 839 803 882 circuitu
837 839 922 882 eius
959 839 1128 894 quodam
1162 839 1319 881 ambitu

547 912 731 967 spectant
763 924 854 953 eum
885 911 1054 962 montes⁷
1089 911 1245 952 intrant
1276 910 1359 953 vivi
1390 910 1534 963 fontes,

478 983 601 1036 Quasi
633 981 862 1025 sublimitas
893 982 1004 1037 agat,
1037 981 1141 1035 quod
1172 981 1426 1035 profunditas

548 1054 588 1096 in
621 1054 801 1096 subiecta
831 1053 939 1095 valle
970 1053 1125 1095 constet
1156 1052 1322 1106 pulchra
1353 1052 1484 1103 valde,

317 1126 414 1170 845.
478 1125 551 1167 Cui
583 1125 664 1167 fert
695 1126 735 1166 et
767 1125 910 1175 oriens,
943 1137 1021 1166 uno
1052 1123 1137 1166 rivo
1170 1123 1360 1174 inferens,

547 1197 683 1238 austro
715 1196 967 1250 emergentes
999 1195 1080 1236 tres
1114 1194 1269 1236 eternos
1301 1195 1445 1237 fontes.

478 1268 531 1309 Et
562 1267 700 1308 horum
734 1266 897 1308 nomina
929 1265 1100 1307 fontium
1134 1265 1175 1306 in
1207 1265 1423 1307 Werthina

547 1350 624 1380 non
657 1337 762 1388 sunt,
796 1336 876 1378 nisi
907 1349 1045 1386 unum,
1077 1336 1277 1390 liquidum
1311 1337 1351 1377 et
1381 1349 1526 1390 purum
1546 1337 1571 1380 ².

477 1408 552 1443 Ista
578 1406 802 1442 considerans
828 1408 956 1451 utpute
982 1407 1200 1451 pervigilans

318 1458 414 1501 850.
548 1478 646 1501 mens
672 1465 841 1511 Liudgeri
868 1468 990 1501 saneta
1016 1464 1256 1510 comprobavit
1281 1467 1407 1500 cuncta

475 1526 523 1561 Et
547 1527 635 1561 Deo
661 1527 843 1570 gratias
869 1525 1136 1570 gaudentesque
1162 1525 1325 1559 lacrimas

546 1585 616 1620 fert
642 1584 890 1630 Omnipotenti
917 1585 1026 1620 talem
1053 1585 1165 1619 locum
1191 1583 1305 1626 danti,

477 1646 524 1680 Et
551 1646 669 1690 querit
695 1645 868 1690 protinus,
896 1646 974 1690 quis
999 1646 1161 1679 terrenus
1187 1643 1347 1677 dominus

545 1705 651 1739 huius
676 1706 770 1739 esset
794 1703 873 1746 loci,
900 1704 1020 1739 volens
1053 1703 1084 1737 ei
1111 1703 1218 1748 loqui.

316 1756 414 1798 850.
479 1764 670 1799 Inventum
698 1764 812 1808 igitur
837 1774 898 1808 pro
924 1764 999 1798 loco
1025 1761 1244 1807 aggreditur,

545 1833 674 1867 rogans
700 1825 829 1858 terram
857 1822 933 1857 dari
958 1825 1054 1857 terra
1079 1832 1140 1866 pro
1166 1821 1295 1866 equali,

476 1883 590 1925 Dixit
621 1883 695 1924 hoc
727 1883 900 1936 inSUp61'‚
929 1894 1011 1938 quia
1038 1903 1192 1927 summus
1217 1891 1351 1927 arbiter

550 1954 642 1987 hunc
668 1952 813 1987 eundem
838 1953 950 1987 locum
978 1952 1064 1986 fecit
1089 1951 1160 1986 sibi
1185 1953 1321 1987 notum.

474 2013 577 2055 Nec
609 2027 746 2056 mora
778 2024 909 2069 aliqua,
936 2022 1047 2057 Jhesu
1072 2022 1207 2058 Christi
1233 2023 1353 2066 gratia

314 2074 411 2117 860.
543 2084 601 2118 hic
627 2084 767 2118 invenit
793 2085 947 2118 mentem
973 2093 1051 2117 mox
1076 2082 1370 2123 consencientem,

404 2227 483 2261 836.
510 2226 632 2261 Rheno
658 2225 750 2261 Bon.
781 2244 822 2249 κ-
849 2226 928 2261 837.
955 2236 1043 2259 corr.
1072 2227 1111 2260 m
1131 2235 1218 2258 uene
1242 2224 1290 2265 T,·
1323 2233 1431 2258 venae
1450 2223 1543 2258 Boll.
1565 2243 1605 2247 —-
1624 2223 1703 2257 855.
1722 2233 1816 2269 glane

265 2285 338 2329 auf
356 2284 483 2320 Rasur
511 2285 549 2320 T.

414 2466 449 2507 1)
477 2464 543 2498 Die
569 2463 756 2498 Correctur
781 2462 868 2503 silue
894 2473 982 2497 uene
1009 2463 1073 2496 wol
1101 2463 1169 2496 mit
1194 2460 1389 2496 Ri'rcksicht
1414 2459 1478 2495 auf
1500 2459 1566 2494 den
1594 2458 1815 2495 Wenaswald

266 2521 323 2556 bei
349 2521 500 2557 Werden
528 2523 568 2565 (s.
596 2521 658 2556 das
684 2521 870 2566 Privileg).

406 2600 442 2643 2)
469 2599 550 2643 Vgl.
571 2598 626 2632 die
646 2598 701 2639 „in
717 2598 791 2632 loco
808 2596 1025 2642 Diapanbeci
1051 2597 1124 2631 sive
1142 2597 1378 2631 Uuerithina⁵⁴
1400 2596 1631 2640 ausgestellte
1651 2595 1817 2630 Urkunde

267 2668 333 2692 von
361 2658 428 2692 799
454 2657 588 2691 Jauuar
616 2658 659 2691 18
693 2657 789 2700 (Lac.
817 2657 844 2691 Ι.
873 2659 935 2696 11;
971 2656 1052 2690 Erh.
1080 2656 1166 2699 Reg.
1194 2657 1294 2701 ⁶229):
1337 2656 1451 2696 „inter
1477 2654 1562 2689 duos
1588 2655 1730 2695 rivulos,
1758 2656 1816 2700 qui

267 2718 423 2760 surgunt
449 2716 485 2750 in
512 2718 632 2750 monte
659 2718 695 2750 et
721 2716 757 2749 in
788 2715 916 2749 flumen
954 2715 1083 2749 Ruram
1112 2714 1257 2756 vadunt,
1296 2726 1384 2749 unus
1422 2716 1566 2748 vocatur
1591 2713 1818 2759 Diapanbeci,

264 2776 356 2809 alter
382 2785 462 2809 vero
490 2775 525 2808 in
554 2774 720 2809 orientali
755 2776 856 2818 parte
894 2776 948 2808 est
974 2773 1105 2818 absque
1143 2774 1296 2808 nominis
1330 2773 1600 2817 appellatione.“
1652 2773 1724 2807 Das
1750 2773 1818 2807 alt-

264 2833 522 2868 hochdeutsche
549 2832 655 2867 werid
694 2832 836 2876 (warod,
864 2832 997 2877 warid),
1037 2831 1399 2867 mittelhochdeutsch
1426 2830 1528 2871 werd,
1567 2830 1737 2865 bedentet
1761 2841 1816 2865 am

265 2892 387 2927 Flusse
413 2892 602 2936 gelegenes
628 2890 738 2934 Laud,
765 2891 871 2927 Insel.
