1801 3213
516 136 698 178 Libellus
729 134 1073 178 Monasteriensis.
1491 135 1573 177 241

31 257 70 299 et
101 257 147 298 ut
176 256 306 298 Deum
347 256 388 297 et
431 255 614 297 sanctum
646 254 909 309 Ludgeruma
943 253 1160 296 invocaret.
1224 252 1309 305 Quo
1339 254 1458 303 facto,
1491 266 1579 295 sur-

30 326 133 369 rexit
155 339 274 368 sanus
307 326 347 368 et
368 338 515 380 rogans
547 325 625 367 sibi
658 325 746 366 dari
768 337 926 367 crucem
953 324 1141 370 circuivit
1162 324 1419 375 cimiterium,
1450 325 1580 367 multo

30 397 174 451 populo
216 409 305 439 eum
338 397 528 450 sequente
565 397 606 438 et
636 396 781 447 Deum,
818 409 894 449 quo
925 396 1070 449 potuit,
1102 396 1308 437 laudante.

171 486 238 528 5¹².
302 485 482 538 Quedam
520 484 763 538 paupercula
804 484 957 526 ibidem
1005 496 1171 525 manens
1216 483 1391 537 quadam
1432 482 1580 525 celebri

32 556 96 598 die
118 556 195 598 ivit
215 556 329 598 trans
350 557 542 598 amneml
573 555 742 596 afferi-ec
772 555 985 596 cervisiam
998 555 1028 605 d,
1061 555 1101 596 et
1122 554 1290 608 reliquit
1323 553 1431 595 domi
1462 554 1580 596 unius

32 627 128 669 anni
158 627 386 680 quendame
417 638 585 680 puerum
609 638 739 666 suum.
803 624 970 677 Quando
1001 626 1138 667 autem
1170 625 1327 666 diucius
1359 626 1583 666 moraretur

32 698 72 740 et
102 697 216 751 pueri
248 697 297 739 de
329 697 444 739 domo
476 697 633 738 omnesf
662 695 920 747 exivissentg,
953 709 1050 749 puer
1073 696 1121 737 de
1153 695 1266 737 cunis
1297 696 1383 736 tam
1416 695 1486 736 diu
1506 696 1582 737 hac

32 768 73 810 et
103 767 200 810 illac
231 767 378 821 repsit,
427 767 531 820 quod
570 767 613 807 in
644 767 809 820 puteum
842 766 1003 808 cecidit.
1065 766 1240 807 Rediens
1271 767 1402 807 mater
1433 767 1473 807 et
1503 779 1584 808 non

32 839 242 881 inveniens
273 851 455 892 puerum,
497 837 675 879 cucurrit
706 836 758 878 ad
791 836 927 879 domos
959 836 1182 879 vicinorum
1215 849 1395 889 querens,
1428 836 1464 878 si
1494 836 1584 890 quis

33 921 125 951 eum
156 909 278 952 sciret
308 909 374 951 vel
418 908 599 950 vidisset.
661 908 785 950 Porro
830 920 921 949 cum
968 920 1103 949 omnes
1150 920 1228 949 uno
1276 920 1342 949 ore
1388 907 1585 957 dicerent,

34 979 170 1034 quodh
200 992 273 1022 nec
305 979 457 1022 scirent
488 991 561 1020 nec
598 978 819 1029 vidissent,
865 979 1019 1028 nescia,
1068 978 1163 1031 quid
1194 978 1367 1029 faceret,
1413 978 1587 1020 recurrit

34 1050 210 1093 domum.
270 1050 366 1093 Jam
396 1051 494 1092 tunc
538 1062 633 1092 vero
679 1061 846 1103 puerum
895 1049 944 1091 de
990 1050 1111 1103 puteo
1159 1050 1382 1091 extractum
1414 1049 1586 1103 quedam

33 1121 140 1163 inter
172 1134 315 1163 manus
347 1134 440 1163 suas
471 1134 590 1174 super
611 1133 792 1162 mensam
824 1120 1086 1162 volutabanti
1116 1132 1189 1162 nec
1221 1119 1264 1160 in
1296 1132 1341 1162 eo
1372 1119 1587 1173 quicquam

34 1192 119 1234 vite
149 1192 382 1234 videbantk.
444 1192 562 1234 Unde
594 1192 635 1234 et
666 1192 796 1233 mater
828 1191 973 1245 spiritu
1010 1191 1175 1233 turbata
1215 1192 1255 1232 et
1284 1191 1420 1244 plures
1451 1203 1587 1232 secum

35 1263 78 1304 in
108 1263 290 1306 lacrimis
323 1264 530 1306 dixerunt:
565 1262 749 1315 ,Domine
782 1264 921 1305 sancte
942 1262 1079 1317 Egidi,
1114 1261 1274 1304 domine
1296 1262 1435 1303 sancte
1466 1261 1588 1303 Nico-

33 1334 154 1386 lae2‚
202 1334 362 1376 domine
408 1334 545 1376 sancte
592 1333 821 1387 Ludgere1‚
858 1333 981 1375 facite
1013 1332 1196 1387 graciam
1228 1332 1404 1374 vestram
1437 1331 1480 1372 in
1510 1332 1589 1374 isto

35 1418 157 1459 puero
171 1407 194 1447 1ι
256 1405 435 1459 Cumque
466 1405 508 1446 id
545 1404 764 1454 dixissent,
813 1404 927 1458 quasi
974 1406 1068 1446 ante
1115 1416 1200 1446 esse
1246 1416 1323 1445 non
1371 1403 1588 1454 debuisset,

36 1488 139 1530 aqua
173 1476 221 1518 de
252 1489 318 1519 ore
350 1477 464 1530 pueri
496 1477 604 1530 cepit
634 1475 758 1516 fluere
790 1476 830 1516 et
856 1476 1021 1517 tandem
1054 1475 1131 1526 lac,
1164 1475 1270 1528 quod
1301 1476 1473 1518 suxerat.
1537 1474 1591 1515 Et

37 1548 83 1589 ut
112 1547 154 1589 id
187 1548 323 1590 divine
354 1548 524 1590 sciretur
557 1560 641 1589 esse
663 1546 859 1600 potencie,
897 1547 1023 1588 movit
1055 1559 1097 1589 se
1127 1546 1187 1588 ita
1216 1546 1364 1597 vivide,
1396 1547 1591 1599 tanquam

38 1620 143 1661 esset
173 1632 311 1673 expers
343 1619 487 1672 prioris
518 1617 692 1660 miserie.

181 1709 257 1751 6111.
319 1707 499 1761 Quedam
533 1707 614 1749 fuit
644 1706 889 1761 paupercula
921 1705 1170 1760 Telgethw,
1219 1705 1283 1747 cui
1317 1705 1427 1747 dolor
1458 1704 1593 1747 oculo-

39 1792 129 1821 rum
160 1779 220 1821 ita
251 1779 502 1830 invaluerat,
550 1777 655 1832 quod
686 1790 758 1820 nec
790 1777 897 1819 vidit
928 1788 1000 1839 nec
1031 1776 1165 1817 lucem
1197 1775 1279 1817 diei
1309 1775 1414 1817 ferre
1446 1775 1592 1828 potuit,

39 1850 145 1892 unde
177 1851 218 1892 et
248 1850 450 1892 manicam
493 1848 794 1903 superpellicii⁰
836 1847 902 1890 vel
940 1847 1024 1889 tale
1066 1846 1165 1900 quid
1205 1858 1363 1900 semper
1395 1845 1501 1888 circa
1531 1845 1593 1888 fa-

40 1921 142 1964 ciem
173 1934 289 1964 suam
319 1921 522 1964 involvere
555 1920 707 1962 debuit.
768 1919 869 1970 Hec,
901 1918 1054 1960 auditis
1075 1918 1168 1970 hiis,
1201 1930 1277 1971 que
1309 1917 1420 1958 Deus
1452 1917 1595 1958 Mona-

41 1993 167 2045 sterii,
198 2006 270 2047 per
290 1992 437 2034 merita
469 1992 599 2034 sancti
620 1991 826 2046 LudgeriP
857 1989 968 2042 fecit,
1004 1989 1142 2032 vovitq
1174 2001 1218 2031 eo
1239 1988 1346 2031 ferre
1367 1987 1595 2030 oblaciones

183 2136 200 2154 2
224 2128 421 2172 Lutgerum
446 2128 492 2162 P.
518 2147 562 2152 —
601 2127 617 2152 b
645 2125 686 2161 de
711 2135 819 2171 puero
845 2124 1024 2160 submerso
1057 2124 1094 2158 in
1120 2125 1227 2168 puteo
1252 2123 1311 2166 P;
1347 2122 1471 2157 Addit.
1499 2122 1599 2156 zc'lhlt

41 2188 118 2223 hier
142 2198 170 2223 c.
197 2189 220 2222 6
244 2187 321 2222 und
345 2198 383 2222 so
407 2187 532 2231 fortan
557 2187 636 2222 eins
661 2186 768 2220 mehr.
788 2205 832 2210 -
858 2192 872 2211 0
898 2183 1035 2219 auferre
1056 2183 1096 2228 Q.
1125 2202 1167 2208 —
1194 2182 1211 2208 (1
1237 2182 1445 2216 cerevisiam
1466 2181 1595 2216 Addit.

48 2266 92 2273 —
117 2253 133 2272 e
157 2246 185 2290 f.
212 2247 256 2280 P.
283 2265 328 2271 ——
353 2245 368 2272 f
389 2256 509 2280 omnes
547 2244 589 2280 de
626 2244 660 2280 d.
686 2245 732 2279 P.
760 2264 800 2269 —-
830 2251 849 2277 g
873 2243 1045 2278 exiissent
1070 2243 1115 2276 P.
1142 2260 1186 2267 -
1211 2241 1230 2267 h
1255 2241 1338 2286 quia
1363 2241 1407 2274 P.
1435 2259 1478 2264 ——
1503 2240 1512 2265 i
1538 2249 1598 2273 vo-

43 2305 188 2340 lutabat
212 2305 258 2341 P.
285 2325 329 2330 —
353 2305 372 2331 k
397 2304 585 2339 videbatur
603 2305 646 2339 P.
676 2323 720 2328 —-
745 2303 755 2329 1
781 2303 938 2347 Lutgere
957 2303 1001 2338 P.
1030 2322 1073 2326 —
1099 2309 1126 2327 ¹11
1151 2300 1194 2335 de
1214 2300 1362 2334 muliere
1389 2310 1454 2344 que
1480 2298 1599 2333 doluit

44 2365 161 2400 oculos
186 2364 222 2399 P
230 2377 243 2408 ;
268 2375 296 2399 c.
321 2365 343 2399 3
369 2365 500 2408 Pertz5
525 2362 858 2407 Quedam—-debuit
880 2362 979 2408 θεᾶν.
1009 2362 1127 2396 Pertz.
1155 2380 1197 2385 —-
1231 2368 1250 2385 ¹1
1276 2359 1416 2403 Theget
1441 2369 1531 2394 corr.
1556 2358 1599 2392 in

46 2423 199 2468 Thelget
234 2423 290 2468 P;
327 2423 523 2468 Thelgethi
560 2422 601 2458 Ο.
640 2443 684 2448 -
724 2429 739 2448 0
778 2421 1023 2467 superpellicei
1061 2421 1154 2455 Bon.
1196 2439 1238 2444 —
1276 2425 1293 2451 P
1328 2417 1436 2461 Lutg.
1471 2416 1517 2451 P.
1553 2434 1598 2440 —-

46 2492 63 2516 <1
87 2484 187 2518 venit
211 2483 257 2519 P.

189 2627 224 2670 1)
248 2625 494 2660 Ueberwasser
520 2645 563 2649 -
589 2623 652 2658 auf
676 2623 754 2659 dem
773 2623 896 2658 linken
922 2621 1010 2657 Ufer
1036 2620 1096 2655 der
1121 2620 1185 2655 Aa.

188 2685 224 2730 2)
250 2684 317 2719 Die
342 2684 391 2718 hl.
417 2682 569 2728 Egidius
592 2682 665 2718 und
686 2683 866 2722 Nicolaus,
893 2680 995 2715 beide
1020 2691 1062 2714 zu
1088 2678 1155 2714 deu
1181 2676 1345 2713 vierzehn
1362 2674 1600 2710 Nothhelfern

49 2744 208 2789 geh'orig,
245 2753 428 2787 genossen‚
467 2743 533 2777 wie
559 2742 648 2776 auch
674 2741 735 2776 der
769 2741 818 2775 hl.
844 2739 995 2774 Jacobus
1020 2738 1142 2779 maior,
1170 2737 1219 2771 im
1244 2735 1327 2771 XII.
1356 2733 1601 2769 Jahrhundert

49 2804 87 2838 in
118 2801 318 2837 Westfalen
356 2813 476 2847 grosse
514 2801 725 2845 Verehrung
764 2799 850 2844 (vgl.
878 2809 905 2833 c.
934 2799 988 2838 11,
1018 2797 1060 2831 17
1099 2794 1172 2830 und
1208 2793 1483 2839 Kampschulte:
1533 2792 1602 2827 Die

48 2861 312 2897 westfalischen
336 2860 715 2906 Kirchenpatrocinien
742 2859 774 2893 S.
804 2858 859 2893 67.
889 2857 954 2891 149
968 2855 992 2890 f.
1021 2855 1087 2890 170
1100 2853 1123 2888 f.
1154 2855 1247 2897 177).
1283 2873 1326 2878 —
1353 2853 1389 2898 3)
1416 2852 1555 2896 Telgte.

1279 2931 1332 2973 16
