1864 3213
284 163 367 206 180
684 162 787 205 Vita
818 161 967 216 rythm.
1010 174 1040 204 s.
1072 160 1267 215 Liudgeri
1299 160 1369 204 let.
1402 161 1434 205 Ι.

491 278 636 335 Agunt
666 279 820 321 interea
854 277 992 320 divina
1025 277 1191 320 consilia

563 351 604 392 et
635 350 686 391 ad
717 349 791 391 hoc
824 349 1015 391 instructi
1047 348 1198 390 domini
1231 348 1403 402 predicti
1422 352 1450 391 ¹.

490 419 688 462 Dixerunt
720 418 930 470 fratribus,
963 419 1067 472 quod
1098 420 1214 472 pater
1246 420 1435 474 egregius

559 491 644 533 illis
677 490 971 541 committebat,
1006 490 1164 543 quando
1197 490 1451 533 discedebat:

300 562 425 605 1485.
490 561 642 613 ,Estote
673 561 749 602 filii
781 560 935 602 milites
967 560 1173 611 altissimi,

558 631 653 673 fidei
684 630 854 673 lorica
884 631 1046 673 fortiter
1077 630 1310 678 induta23

488 703 596 745 Nam
629 702 756 744 vitam
787 701 955 753 homini,
989 701 1066 743 fide
1098 701 1225 743 Jhesu
1257 702 1421 744 Domini

558 773 799 826 presidente,
833 772 918 814 sola
949 772 1030 814 fert
1062 772 1262 814 virtutum
1295 773 1416 825 scola,

486 844 604 886 Hane
636 843 757 885 fidem
789 844 930 899 igitur,
964 845 1003 885 et
1037 844 1138 897 quod
1171 844 1286 885 illam
1319 844 1513 898 sequitur,

298 917 424 958 1490.
558 915 740 963 ‚studium
773 915 973 957 virtutum
1007 915 1153 956 sumite
1186 914 1227 955 in
1260 916 1432 957 scutum.

485 986 550 1028 Ita
582 998 659 1027 non
693 985 861 1028 deerunt
891 985 1040 1035 omnia,
1073 986 1143 1026 sed
1175 985 1359 1039 aderunt,

555 1069 667 1097 arma
699 1056 751 1097 ad
783 1056 1014 1098 habendum
1047 1056 1338 1108 sempiternum
1370 1069 1563 1111 regnum:

485 1127 666 1168 Vitam
699 1127 1081 1177 monachicam,
1113 1127 1232 1167 huius
1264 1127 1323 1167 rei
1354 1128 1599 1180 machinam,

555 1198 597 1239 in
629 1210 707 1251 qua
739 1198 858 1252 regni
889 1210 1015 1247 arma,
1049 1197 1091 1238 in
1123 1210 1201 1250 qua
1232 1197 1348 1251 regni
1379 1210 1531 1249 norma,

294 1270 419 1313 1495.
481 1269 528 1311 Iu
559 1269 633 1310 hoc
664 1269 820 1310 induite
852 1269 951 1319 1000,
990 1268 1149 1310 Christo
1181 1268 1340 1319 comite,

554 1352 670 1393 quem
704 1339 910 1381 nobiscum
944 1351 1029 1381 esse
1062 1351 1217 1391 semper
1250 1340 1310 1380 est
1341 1352 1514 1382 necesse.

482 1411 623 1453 Hostis
656 1410 889 1460 insidiae,
923 1421 1023 1463 quae
1055 1410 1202 1451 adsunt
1234 1410 1408 1461 assidue,

552 1481 672 1524 facile
704 1481 934 1532 vincuntur,
969 1481 1003 1522 si
1035 1481 1107 1522 hec
1141 1481 1376 1524 induuntur.

480 1554 565 1595 Nec
596 1553 661 1594 hic
693 1552 904 1605 impediat,
938 1552 1019 1605 qui,
1053 1552 1132 1593 nisi
1163 1554 1209 1593 ut
1240 1554 1391 1605 pereat,

293 1624 418 1666 1500.
548 1623 675 1666 nichil
706 1636 866 1676 prorsus
898 1623 1072 1665 mundus
1105 1623 1218 1664 novit
1250 1623 1528 1675 moribundus,

483 1695 560 1747 Qui
592 1693 719 1736 nichil
752 1694 883 1735 facere
915 1694 1027 1736 novit
1059 1694 1138 1735 nisi
1170 1694 1326 1746 fallere,

550 1765 663 1807 fallit
695 1764 763 1818 qui
795 1765 946 1817 priores
978 1777 1134 1818 semper
1165 1766 1394 1807 amatores‘.

479 1836 556 1878 His
587 1836 721 1878 verbis
753 1836 899 1877 animis
931 1836 1095 1878 illorum
1127 1836 1326 1887 attonitis,

548 1907 631 1948 tale
663 1907 705 1948 in
736 1920 970 1960 responsum
1008 1907 1188 1949 fecerant
1220 1920 1476 1950 consensum:

291 1979 415 2020 1505.
479 1978 612 2029 ,Hunc
644 1978 790 2029 locum,
824 1978 989 2028 domini,
1022 1991 1100 2020 non
1132 1978 1377 2021 audemus
1411 1978 1647 2033 ingredi,

549 2049 777 2103 segregatis
809 2049 959 2090 vobis
990 2049 1114 2091 tocies
1152 2062 1175 2090 a
1207 2050 1334 2100 nobis,

478 2119 587 2161 Nam
621 2120 787 2161 verbum
818 2120 983 2161 Domini
1015 2120 1121 2161 ferre
1153 2120 1251 2162 estis
1283 2120 1393 2162 soliti

548 2191 588 2231 et
618 2190 661 2231 in
693 2202 849 2231 omnem
882 2191 1034 2231 terram
1065 2190 1246 2244 graciam
1280 2203 1517 2244 supernam3

478 2260 562 2302 Ista
594 2260 762 2315 vagacio
795 2261 878 2302 sive
910 2261 1214 2314 predicacio,

287 2331 413 2374 1510.
550 2332 589 2373 et
621 2332 655 2372 si
686 2331 829 2373 vivunt
860 2333 1007 2385 patres,
1041 2332 1155 2373 orbos
1188 2331 1288 2373 facit
1319 2332 1479 2373 fratres.

406 2484 507 2518 1481.
535 2484 748 2519 Exhortacio
774 2483 929 2527 Ludgeri
954 2483 999 2517 ad
1024 2483 1153 2518 fratres
1179 2483 1446 2518 Werthinenses
1471 2494 1532 2528 per
1558 2483 1816 2519 commissarios

264 2555 298 2578 α.
324 2543 370 2577 R.
400 2542 439 2577 T.
480 2563 523 2567 —
562 2544 664 2578 1482.
690 2544 777 2578 iiber
803 2544 865 2577 (1ον
891 2543 1006 2577 Zeile:
1044 2542 1280 2586 hildegrimus
1307 2545 1343 2576 et
1368 2541 1544 2585 gerfridus
1572 2542 1610 2576 T.
1640 2562 1683 2567 —-
1710 2542 1813 2578 1487.

263 2601 397 2636 domini
422 2602 697 2647 ozachqetrayeoz,
731 2603 797 2636 ‘evol
823 2606 908 2649 stati
934 2601 1070 2636 Christi
1099 2602 1138 2636 T.
1177 2621 1220 2625 -
1259 2602 1360 2636 1503.
1398 2602 1574 2646 responsio
1600 2600 1750 2636 fratrum
1777 2613 1810 2637 a.

261 2660 308 2695 R.
337 2660 376 2694 T.
412 2679 456 2684 —
491 2661 592 2695 1506.
626 2662 713 2695 iiber
738 2660 857 2694 uobis:
893 2660 1028 2694 scilicet
1066 2659 1230 2704 Ludgero
1270 2660 1345 2695 und
1379 2671 1448 2695 von
1482 2660 1608 2695 dritter
1632 2659 1751 2695 Hand
1775 2662 1815 2694 et

260 2717 362 2753 uobis
390 2718 428 2752 T.
457 2738 500 2743 -—
528 2720 627 2754 1507.
654 2720 740 2754 {lber
766 2720 870 2754 estis:
897 2730 958 2753 uos
986 2719 1167 2763 Ludgerus
1196 2718 1236 2754 T.

403 2895 437 2939 1)
463 2894 505 2930 V.
533 2895 634 2931 1428.
662 2914 705 2919 —
731 2896 765 2940 2)
794 2897 824 2930 1.
854 2895 974 2930 Thess.
1001 2896 1033 2936 5,
1060 2896 1081 2930 S
1107 2906 1169 2930 aus
1197 2894 1274 2930 dem
1300 2895 1471 2940 Privileg.
