1864 3213
37 303 138 345 235.

37 611 141 654 240.

40 918 144 961 245.

42 1226 145 1270 250.

45 1833 147 1875 260.

48 2128 149 2171 265.

49 2424 148 2466 270.

402 183 500 225 Vita
532 183 682 238 ryihm.
725 196 756 225 s.
790 182 985 238 Liudgeri
1015 182 1085 225 let.
1118 182 1150 224 Ι.

202 300 316 335 Vocat
341 299 665 344 mancipium¹‚
692 302 733 334 ut
757 300 909 345 paganis
935 300 1095 340 solitum,

277 362 314 394 et
339 370 434 395 nunc
458 361 583 394 natam
611 359 712 403 aquis
739 359 901 394 suffocari
926 358 1026 393 facit.

204 431 333 466 Fertur
358 429 542 465 infantula
569 419 741 473 qUOdam
775 432 869 461 vase
901 430 1011 464 situla

275 490 534 535 submergenda
559 490 675 525 undae
701 491 798 525 iussu
824 489 1111 526 furibundae.

207 549 276 585 Sed
302 549 427 585 videns
453 550 573 584 omnia
600 561 675 584 cun]
703 549 945 584 misericordia

274 608 377 644 modo
401 620 506 654 super
531 609 632 644 illam
662 609 796 653 vigilat
820 609 1001 653 pusillam.

205 669 356 704 Portata
380 668 540 713 parvula,
568 679 586 703 0
614 679 682 713 qua
707 668 775 702 Dei
801 669 933 712 gracia,

275 730 362 763 nata
388 728 463 772 ipsa
490 727 576 762 hora
611 727 654 761 fit
679 727 878 771 ingeniosa.

206 787 297 822 Nam
324 787 407 821 dum
433 787 649 831 mancipium
675 788 822 830 patrans
848 786 1091 826 homicidium,

277 861 380 901 aqua
413 860 484 890 Vas
514 847 725 899 implesset]
757 859 793 891 et
818 857 910 891 hanc
935 857 1198 902 suppressisset,

205 918 276 952 Illa
302 918 486 959 citissime,
519 918 584 952 illa
609 917 846 952 scientissime

276 976 441 1011 brachia
467 976 672 1018 extendit,
710 976 926 1019 marginem
952 975 1270 1020 comprendit‘23

206 1037 266 1071 Ita
291 1036 519 1082 pependerat,
545 1036 599 1070 ita
625 1047 660 1070 se
687 1034 895 1070 defenderat

280 1098 423 1140 propter
447 1097 583 1130 metum
609 1094 723 1129 undae
749 1105 848 1128 versa
874 1095 957 1129 hinc
983 1096 1020 1129 et
1044 1094 1138 1129 inde.

208 1156 378 1198 Presens
410 1156 658 1209 mancipium
697 1155 855 1197 horruit
886 1154 1129 1197 miraculum

278 1227 338 1268 rei
369 1227 434 1268 vel
465 1239 624 1280 pavore,
658 1226 717 1268 rei
748 1226 814 1268 vel
846 1226 1020 1279 stupore,

209 1297 429 1342 Venitque
454 1296 587 1331 femina
613 1296 763 1342 quedam
790 1308 829 1331 cx
856 1296 1042 1337 vicinia,

280 1358 322 1391 ut
347 1356 415 1390 huc
441 1356 498 1390 vel
522 1356 591 1390 huc
615 1356 696 1396 iret,
724 1358 762 1390 et
786 1366 857 1390 rem
886 1357 1025 1399 gestam
1060 1354 1170 1389 videt.

209 1416 305 1458 Quae
330 1418 448 1450 mota
474 1416 592 1450 animo
618 1415 763 1449 advolat
789 1416 957 1449 continuo

281 1477 318 1510 et
344 1475 385 1509 de
412 1486 518 1510 manu
545 1486 695 1520 nequam
722 1486 865 1519 parvam
894 1474 1009 1508 trahit
1034 1473 1174 1509 fretam.

210 1534 297 1569 Fert
322 1535 359 1569 in
386 1534 659 1576 cubiculum,
686 1533 857 1568 claudit
882 1535 987 1578 post
1013 1542 1057 1566 se
1083 1532 1301 1569 hostium.

280 1593 412 1628 labia
437 1594 577 1639 puellae
603 1594 757 1628 illinivit
782 1593 898 1633 melle,

210 1652 311 1696 Quod
336 1653 503 1697 lingens
529 1654 677 1694 concite,
705 1653 846 1687 sorbet
880 1650 1131 1693 libentissime,

281 1713 382 1757 quasi
407 1713 457 1747 sic
482 1714 633 1753 caveret,
660 1712 749 1746 mori
773 1722 817 1746 ne
844 1712 978 1746 liceret.

211 1772 373 1817 Namque
398 1773 580 1817 perimere,
607 1772 637 1806 si
653 1771 738 1816 quid
764 1771 904 1805 nollent
930 1771 1060 1811 vivere,

280 1827 364 1866 ant'e
390 1842 529 1866 omnem
554 1833 699 1875 gustum
726 1830 777 1865 ibi
804 1830 874 1865 fuit
900 1831 1045 1865 iustum.

210 1890 320 1925 Redit
344 1891 634 1935 mancipium,
663 1900 810 1935 querens
835 1890 887 1925 rei
914 1891 1060 1931 exitum,

282 1950 401 1985 infans
427 1961 494 1995 quo
520 1949 648 1990 abiret,
674 1951 879 1983 utrumnam
905 1949 1058 1993 periret:

212 2009 427 2044 Occurrit
451 2009 583 2043 femina
609 2010 823 2049 monstrans,
850 2007 943 2052 quod
968 2007 1161 2051 infantula,

282 2069 367 2103 mel
392 2068 678 2103 manducavissct
703 2078 766 2102 nec
791 2067 948 2102 necanda
975 2069 1079 2102 esset.

211 2128 334 2162 Linxit
360 2130 396 2162 et
422 2128 549 2162 labia
574 2127 751 2161 mirabilis
777 2126 918 2167 callida,

283 2190 325 2222 ut
350 2188 400 2221 sic
426 2186 652 2227 ostendisset,
679 2185 772 2231 quod
797 2186 868 2219 iam
887 2185 1095 2220 comedisset
1108 2186 1120 2204 3

214 2246 242 2281 O
268 2246 506 2292 providencia,
533 2256 552 2279 o
578 2245 644 2279 Dei
670 2245 871 2286 clemencia,

285 2305 456 2351 quomodo
483 2305 679 2346 salvantur,
707 2304 767 2349 qui
792 2304 1101 2349 predestinantur!

213 2365 307 2400 Duo
333 2363 549 2409 episcopi
574 2365 612 2398 in
638 2365 827 2408 conspectu
852 2363 1008 2404 Domini,

282 2426 389 2458 antea
416 2434 521 2468 quam
546 2424 636 2465 nati,
662 2422 872 2467 profuerunt
897 2422 1018 2464 matri,

213 2482 289 2517 Hac
313 2482 512 2526 Liudgerus
537 2484 650 2517 matre
676 2482 895 2526 Hildigrimo
922 2492 1000 2516 cum
1026 2481 1137 2516 fratre

287 2543 324 2576 et
350 2542 697 2586 episcoporum4
723 2543 855 2576 matres
881 2541 1031 2575 aliorum

215 2600 303 2635 Nati
329 2600 536 2642 debuerant,
563 2611 646 2644 ergo
671 2601 764 2635 nulli
788 2602 955 2646 poterant

286 2662 452 2694 nocentes
478 2659 613 2694 obesse:
639 2660 716 2694 laus
741 2659 790 2694 sit
816 2659 904 2701 tibi,
931 2658 1094 2694 Christe!

146 2766 225 2800 264.
249 2777 346 2811 (sanz
372 2767 444 2810 auf
463 2766 589 2801 Rasm·
616 2766 656 2800 T.

0 2933 35 2969 Ι.
60 2944 89 2969 c.
115 2935 155 2980 63
181 2945 212 2969 v.
241 2934 310 2969 274
336 2934 425 2969 nach
453 2933 515 2969 der
539 2934 707 2979 leydener
733 2932 978 2968 Handschrift.

1472 183 1555 225 143

147 2876 182 2920 1)
208 2875 295 2910 Vita
320 2875 368 2910 ΙΙ.
395 2885 422 2910 e.
449 2876 482 2911 2.
509 2894 552 2898 —
587 2876 623 2920 2)
649 2875 737 2909 Vita
762 2875 792 2909 Ι.
818 2885 846 2910 c,
874 2875 904 2909 6.
934 2894 975 2898 ——
1009 2874 1046 2917 3)
1073 2873 1161 2907 Vita
1188 2872 1215 2906 Ι.
1237 2882 1265 2906 c.
1284 2871 1315 2905 7.
1343 2890 1385 2896 —-
1412 2869 1449 2915 4)
1474 2869 1563 2904 Vita
