1801 3213
594 102 972 159 Wunderberi‘chte.
1470 118 1556 160 233

7 234 78 288 qui
108 235 198 287 post
230 233 419 275 domnum
452 232 686 276 Gerfridum
727 234 893 287 quartus
934 235 1113 276 nostram
1144 233 1248 276 rexit
1278 234 1514 276 aecclesiam
1526 243 1554 285 ³,

9 304 156 347 missus
188 305 250 346 est
281 316 419 346 servus
440 303 517 345 Dei
545 303 781 354 Brunricus,
813 304 1020 358 presbyter
1052 311 1093 345 et
1123 304 1352 355 monachus,
1385 305 1430 346 ut
1461 317 1556 346 ean—

7 375 101 418 dem
133 374 405 428 supradictam
453 373 719 416 hereditatem
766 373 851 416 Deo
899 374 1117 417 adiuvante
1157 375 1413 416 restauraret.
1477 374 1556 427 Qui

7 444 228 488 Brunricus
259 445 302 486 in
323 445 411 498 ipsa
432 444 658 486 hereditate
690 444 852 486 domum
875 444 1064 486 similiter
1087 444 1310 487 edifficavit
1332 446 1372 487 et
1396 458 1555 488 sacrum

4 515 150 568 altare,
183 515 288 569 quod
318 527 453 557 secum
485 514 701 565 detulerat,
734 514 860 557 erexit
889 516 930 556 et
950 515 1080 568 ipsam
1114 515 1382 558 hereditatem
1414 528 1555 558 secun·

6 586 101 628 dum
133 598 286 628 morem
317 585 513 640 legalium
543 585 818 628 hereditatum
849 586 1034 627 excoluit.
1067 584 1245 640 Cumque
1276 585 1383 628 idem
1416 599 1554 629 servus

6 657 85 699 Dei
115 657 331 699 missarum
363 656 602 710 sollempnia
632 656 691 698 ibi
731 656 974 707 celebraret,
1020 657 1216 698 venerunt
1246 656 1453 699 carnifices
1484 657 1555 698 ho-

5 727 128 769 minis
158 727 373 770 Richildae
405 739 474 780 per
505 727 722 769 iussionem
754 726 830 768 filii
867 727 951 768 eius
983 727 1232 778 Theodorici,
1266 728 1312 769 ut
1342 740 1435 769 eum
1466 740 1556 781 per-

5 798 160 842 derent.
222 797 301 851 Qui
332 798 472 840 statim
503 798 678 851 acceptis
705 797 910 840 securibus
943 799 1134 851 ceperunt
1164 798 1340 840 incidere
1372 799 1554 840 arborem

5 881 222 923 magnam,
269 870 315 910 ut
361 881 452 910 eum
499 869 726 911 obruerent.
791 868 878 922 Ipse
920 881 1012 910 vero
1054 869 1168 910 stetit
1199 869 1480 922 inperterritus
1512 869 1555 910 in

4 939 273 982 celebratione
304 939 531 982 missarum.
594 938 812 981 Carnifices
843 951 934 981 vero
965 940 1122 981 mutato
1166 940 1352 990 consilio,
1395 952 1444 981 ne
1475 952 1553 990 res,

3 1022 103 1064 quas
134 1010 308 1063 diripere
340 1009 577 1063 cupiebant,
618 1010 740 1052 simul
773 1023 864 1052 cum
895 1009 967 1051 illo
998 1010 1233 1060 obruerent,
1267 1012 1457 1064 ceperunt
1488 1023 1554 1052 su-

4 1081 124 1123 dibus
156 1081 197 1122 et
227 1080 544 1134 quibuscumque
574 1081 760 1134 poterant
794 1081 1001 1134 percutere
1042 1080 1160 1122 illum
1209 1081 1333 1123 sacris
1373 1081 1554 1123 vestibus

3 1151 193 1193 indutum
225 1164 361 1194 coram
392 1151 515 1193 altari
546 1152 736 1202 stantem,
768 1151 828 1193 ita
860 1153 906 1193 ut
945 1152 1111 1206 sanguis
1149 1152 1231 1194 eius
1263 1151 1406 1193 flueret
1436 1164 1553 1205 super

1 1222 146 1265 altare.
180 1221 359 1276 Cumque
391 1222 607 1264 corruisset
638 1235 772 1264 coram
804 1222 940 1273 altari,
974 1222 1275 1276 expoliaverunt
1307 1235 1397 1264 eum
1429 1222 1553 1264 sacris

3 1293 198 1344 vestibus,
230 1293 273 1334 id
305 1293 366 1335 est
406 1292 584 1346 planeta,
631 1293 748 1343 stola,
790 1292 897 1344 alba,
940 1293 1146 1346 mappula,
1189 1292 1352 1347 cingulo
1384 1294 1424 1334 et
1455 1292 1554 1334 diri-

2 1365 169 1419 piebant
199 1363 292 1406 sibi.
353 1363 620 1417 Diripuerunt
651 1364 773 1406 etiam
806 1365 847 1406 et
878 1363 1068 1417 reliquias
1099 1364 1231 1406 sancti
1262 1363 1481 1406 Salvatoris
1513 1363 1554 1405 et

2 1436 167 1478 sanctae
198 1434 274 1476 Dei
307 1433 532 1489 genitricis,
565 1434 694 1476 sancti
715 1435 828 1477 Petri
859 1436 899 1476 et
929 1434 1060 1476 sancti
1090 1434 1284 1488 Liudgeri
1306 1447 1396 1476 cum
1420 1446 1552 1487 capsa,

1 1505 203 1557 crismale‚
236 1518 396 1547 crucem
427 1506 712 1556 consecratam,
762 1505 929 1547 calicem
969 1518 1060 1548 cum
1091 1506 1237 1559 patena
1285 1506 1325 1547 et
1369 1504 1553 1546 tabulam

0 1577 146 1619 altaris
178 1577 450 1619 consecratam
482 1588 573 1618 cum
605 1576 817 1629 corporale,
852 1578 893 1618 et
924 1577 1055 1629 ipsum
1091 1576 1220 1618 altare
1251 1575 1550 1617 subvertebant.

2 1647 90 1700 Quo
120 1647 228 1689 facto
260 1646 495 1689 estimantes
517 1659 608 1688 eum
639 1647 855 1698 mortuum,
880 1647 1154 1701 spoliaverunt
1185 1659 1275 1688 eum
1298 1645 1552 1688 vestimentis

2 1718 100 1769 suis,
148 1717 190 1759 id
222 1719 285 1760 est
313 1718 466 1768 tunica,
499 1717 676 1772 cingu10,
710 1717 888 1768 cultello,
936 1717 1108 1772 pectine,
1150 1716 1354 1767 novaculo,
1397 1716 1551 1771 gravio,

2 1788 167 1840 tabulis,
200 1780 360 1843 caligis,
393 1787 585 1839 fasciolis,
623 1788 834 1838 calciariis,
868 1789 1039 1842 pedulis.
1102 1788 1259 1830 Deinde.
1295 1800 1386 1830 eum
1417 1788 1553 1840 porta-

2 1861 148 1903 verunt
192 1871 360 1912 pronum
407 1871 525 1913 super
571 1859 711 1901 sudem
758 1859 926 1915 longum
981 1861 1086 1902 sicut
1132 1872 1315 1910 saccum,
1362 1859 1552 1900 indutum

3 1931 165 1972 tantum
196 1929 356 1972 cuculla
388 1929 503 1984 quasi
533 1929 585 1972 ad
609 1930 882 1983 sepeliendum
915 1931 955 1973 et
986 1931 1236 1984 proiecerunt
1268 1943 1356 1972 eum
1391 1930 1432 1970 in
1455 1929 1553 1971 den-

0 2014 91 2044 sum
123 2000 326 2055 spinetum
364 2001 405 2042 in
437 2000 524 2054 ipsa
556 2001 642 2055 ripa
674 2001 925 2056 Navegisae,
966 2002 1025 2043 ita
1063 2002 1109 2042 ut
1149 2014 1222 2055 per
1253 2001 1453 2054 spinetum
1487 2012 1552 2042 ca-

2 2072 116 2114 deret
148 2072 190 2112 in
221 2071 355 2125 ipsum
386 2071 549 2123 fiumen,
583 2073 624 2114 et
644 2072 897 2126 proiecerunt
927 2085 1044 2126 super
1076 2085 1167 2114 eum
1200 2084 1331 2114 ramos
1363 2071 1551 2113 arborum

1 2144 44 2185 et
73 2143 201 2185 fustes
233 2144 274 2185 et
305 2142 425 2184 sudos
458 2144 498 2184 et
529 2142 719 2197 quicquid
744 2143 924 2186 invenire
955 2144 1172 2197 potuerunt
1203 2144 1243 2185 et·
1264 2143 1552 2195 cooperuerunt

0 2227 106 2256 eum.
168 2213 246 2256 Sed
277 2213 388 2256 Deus
419 2214 689 2267 omnipotens,
736 2215 805 2268 qui
851 2227 929 2256 non
975 2213 1230 2268 derelinquid
1271 2214 1476 2266 sperantes
1508 2213 1551 2254 in

0 2297 56 2335 se,
88 2284 172 2326 illis
203 2283 500 2339 ignorantibus,
548 2297 665 2337 quem
697 2285 754 2327 sic
795 2286 1089 2335 cruciaverunt,
1137 2283 1450 2326 misericorditer
1481 2295 1551 2336 per

1 2355 160 2406 merita,
202 2356 248 2396 ut
279 2354 494 2405 credimus,
535 2355 644 2397 beati
684 2355 878 2411 Liudgeri
910 2356 1145 2398 confessoris
1177 2354 1252 2405 sui,
1285 2354 1398 2396 oculo
1429 2353 1551 2395 mise-

0 2425 197 2468 ricordiae
227 2425 423 2468 iacentem
456 2425 499 2466 in
520 2425 685 2468 flumine
717 2427 904 2480 respexit,
936 2428 976 2468 et
1002 2426 1173 2480 receptis
1195 2425 1349 2467 viribus
1381 2436 1550 2478 surgens

0 2496 51 2538 de
81 2496 246 2538 flumine
278 2496 466 2538 continuo
498 2496 549 2537 ad
581 2497 806 2548 ecclesiam,
837 2497 942 2539 unde
984 2498 1131 2539 missus
1172 2497 1319 2546 fuerat,
1352 2494 1474 2536 rediit
1511 2496 1551 2536 et

0 2566 265 2620 omnipotenti
296 2567 380 2609 Deo
411 2567 451 2608 et
482 2566 638 2609 meritis
670 2568 779 2609 beati
820 2568 1017 2622 Liudgeri
1055 2580 1135 2609 una
1166 2580 1258 2609 cum
1290 2565 1435 2608 ceteris
1467 2566 1550 2607 fra-

0 2636 131 2679 tribus
162 2637 319 2692 gratias
351 2638 449 2692 egit.
481 2636 637 2680 Deinde
659 2651 751 2680 vero
783 2639 989 2681 carnifices
1019 2638 1279 2692 perrexerunt
1310 2637 1361 2678 ad
1386 2636 1548 2678 domum

0 2707 86 2750 eius
118 2708 158 2750 et
188 2708 398 2763 fregerunt
425 2708 574 2751 ostium
623 2710 664 2751 et
709 2710 991 2762 percusserunt
1035 2709 1268 2751 ministrum
1315 2707 1399 2749 eius
1431 2706 1551 2749 Suas-

141 2843 158 2861 ³
182 2835 243 2880 qui
269 2837 353 2871 tunc
379 2835 469 2871 hanc
494 2836 586 2871 rexit
611 2836 692 2871 eccl.
720 2836 817 2872 Circe.
