1801 3213
528 145 753 188 -Cincinnii
793 146 877 188 vita
909 159 939 188 3.
974 146 1177 200 Liudgeri.
1552 147 1637 189 263

91 263 162 304 ille
194 263 404 317 nequidem
438 263 655 315 discedere,
704 264 787 306 leso
817 276 953 306 eorum
986 276 1163 313 numero,
1206 263 1420 313 voluerint,
1464 263 1504 304 et
1535 263 1637 316 quod

92 333 188 375 dum
221 333 280 374 vir
311 334 474 376 sanctus
505 335 651 388 spiritu
688 335 932 389 agnovisset,
964 334 1174 375 mulierem
1207 334 1477 387 increpaverit
1508 333 1639 375 alitis-

92 416 168 457 que
199 416 283 446 ossa
315 405 518 457 prenotati
550 405 592 445 in
624 405 757 447 vivam
800 405 1125 455 resuscitaverit,
1167 404 1303 457 sicque
1334 416 1500 446 numero
1532 416 1638 446 com-

90 474 199 528 pleto
230 474 392 516 tandem
424 488 561 517 omnes
594 475 872 517 discesserint:
917 475 981 528 pie
1014 475 1270 516 credentibus
1301 474 1578 527 relinquimus.

233 542 357 588 Caput
381 542 571 582 XXXIV.
621 544 674 579 De
700 544 890 579 literatura
916 547 953 579 et
990 545 1214 579 sanctissima
1250 544 1350 579 beati
1376 545 1444 578 viri
1482 543 1639 588 Ludgeri

94 604 369 638 conversatione.

231 661 408 697 Gloriosus
425 662 560 698 Christi
579 662 754 697 confessor
779 663 823 697 in
849 674 865 697 3
877 674 893 697 c
905 664 975 707 rip
987 663 1111 697 turis
1130 664 1249 697 sacri
1261 675 1276 697 3
1302 673 1383 698 non
1401 653 1464 697 m'e
1476 662 1548 697 dio
1560 663 1639 697 cri-

63 764 65 767 .
91 735 163 767 ter
190 733 425 775 eruditus,
458 723 563 765 sicut
593 723 666 765 hoc
688 723 739 764 ad
763 723 894 776 ipsum
918 723 1158 765 venerabilis
1189 722 1412 774 Rixfridus,
1444 722 1640 776 septimus

90 792 358 835 Traiectensis
391 794 597 846 episcopus
631 793 810 835 scribens
842 793 884 834 in
931 793 1095 848 prologo
1137 806 1255 847 super
1297 793 1640 835 canonizationem

91 863 175 906 divi
208 863 380 917 episcopi
411 863 590 907 Suiberti
622 864 858 918 dignissime
880 865 1055 906 testatus
1087 865 1161 915 est,
1194 865 1251 906 sic
1284 865 1419 906 dicens
1438 865 1474 905 1:
1526 863 1640 915 „Scio

90 935 220 986 enim,
268 935 368 988 quod
413 935 543 976 zelum
590 935 696 990 legis
735 935 811 977 Dei
853 935 1000 984 habes,
1049 936 1089 994 et
1131 935 1368 977 excellentia
1409 934 1640 976 divinarum

91 1005 382 1059 scripturarum
415 1007 549 1048 intua
581 1007 718 1048 anima
739 1006 852 1060 viget
884 1019 930 1048 ac
962 1006 1118 1049 floret“.
1180 1005 1294 1058 Quod
1326 1018 1371 1047 ex
1403 1005 1539 1047 eodem
1571 1005 1641 1046 be-

91 1077 151 1118 ati
196 1077 373 1131 Ludgeri
419 1077 620 1131 pontificis
667 1077 806 1118 libello
853 1090 971 1130 super
1022 1076 1320 1118 canonizatione
1366 1076 1514 1129 prefati
1555 1075 1640 1116 divi

90 1147 267 1190 Suiberti
298 1149 516 1201 conscripto
547 1160 559 1193 1
570 1159 582 1193 i
594 1170 616 1203 q
626 1158 702 1192 uid
713 1169 732 1192 o
758 1169 778 1193 a
788 1170 809 1203 p
820 1170 842 1203 p
852 1170 871 1193 a
880 1171 896 1193 r
905 1170 922 1193 e
933 1161 968 1199 t,
992 1148 1181 1190 similiter
1205 1149 1245 1188 et
1271 1161 1317 1189 ex
1340 1147 1430 1189 aliis
1454 1169 1472 1192 ο
1482 1169 1503 1202 p
1513 1169 1536 1192 u
1546 1168 1561 1191 s
1575 1168 1592 1192 c
1601 1168 1639 1191 u-

88 1216 167 1258 lis,
195 1228 217 1262 q
227 1228 248 1251 u
257 1228 275 1251 e
300 1217 338 1251 se
349 1219 458 1258 cerat,
483 1217 601 1252 lucide
628 1228 767 1252 cernere
794 1219 848 1252 est
859 1217 873 1236 ‘²
900 1245 908 1252 .
934 1244 942 1252 .
970 1244 978 1252 .
1006 1245 1014 1252 .

232 1275 357 1321 Caput
381 1277 594 1313 XXXVII.
644 1277 696 1311 De
721 1277 930 1311 miraculoso
963 1276 1125 1311 arborum
1152 1278 1189 1310 et
1214 1277 1365 1311 nemoris
1391 1287 1482 1311 casu.

232 1364 239 1371 .
267 1363 275 1371 .
302 1365 309 1371 .
334 1337 416 1372 Ass
429 1338 600 1382 umptis
626 1338 771 1382 itaque
798 1348 958 1379 secum,
986 1348 1092 1382 quos
1118 1335 1329 1371 eiuscemodi
1347 1337 1471 1380 operi
1497 1346 1640 1370 neces-

89 1407 104 1430 s
115 1406 135 1430 a
144 1396 211 1430 rio
220 1408 235 1430 3
260 1396 424 1439 habebat,
452 1397 519 1432 huc
544 1409 565 1442 p
578 1410 594 1432 r
604 1409 623 1431 0
635 1397 677 1431 fe
688 1408 705 1431 c
715 1399 732 1432 t
742 1409 763 1431 u
773 1409 788 1431 3
814 1409 831 1431 e
843 1409 858 1431 3
867 1399 883 1431 t
895 1398 919 1431 ³.
969 1397 1131 1432 Ventum
1151 1399 1206 1431 est
1239 1396 1285 1431 ad
1310 1396 1466 1430 Rhuram
1492 1396 1639 1430 fluvium

89 1455 352 1509 sederantque
384 1457 538 1512 irriguo
571 1457 613 1498 in
646 1458 731 1500 loco
762 1470 883 1511 prope
914 1457 1081 1508 fontem,
1125 1458 1188 1499 cui
1229 1470 1334 1499 nunc
1365 1469 1389 1499 a
1420 1457 1529 1498 beati
1560 1456 1639 1498 viri

88 1528 248 1569 nomine
280 1529 516 1569 vocabulum
549 1530 622 1579 est,
656 1529 706 1570 ad
737 1529 914 1570 rivulum
947 1529 1218 1579 Werthinam,
1244 1539 1301 1573 eui
1319 1537 1498 1572 horridum
1517 1548 1639 1573 nemus

87 1595 328 1632 Weneswaldt
349 1598 572 1639 imminebat,
598 1599 636 1633 in
662 1599 837 1633 convallio
871 1599 1004 1633 montis
1030 1598 1237 1642 Widebergi
1264 1625 1271 1635 ,
1300 1625 1307 1632 .
1336 1625 1342 1632 .

230 1655 354 1700 Caput
379 1656 509 1692 XLII.
557 1657 608 1691 Ut
633 1657 825 1701 imperator
859 1657 1011 1691 Karolus
1044 1657 1134 1691 hanc
1168 1658 1351 1692 ecclesiam
1383 1657 1419 1691 in
1446 1657 1637 1692 tuitionem

87 1716 292 1759 susceperit,
319 1716 507 1760 privilegia
533 1715 672 1751 dederit
697 1720 734 1751 et
760 1727 860 1750 suum
898 1717 1077 1761 proprium
1114 1717 1235 1751 fiscum
1273 1718 1310 1751 in
1347 1717 1506 1751 Lothusa
1530 1716 1638 1751 beato

87 1774 251 1818 Ludgero
279 1775 468 1810 tradiderit
494 1787 661 1821 suamque
688 1776 869 1810 ecclesiam
896 1777 1046 1820 ipsemet
1071 1777 1338 1810 consecraverit.

231 1860 237 1868 .
261 1861 268 1868 .
297 1861 303 1868 .
332 1862 338 1869 .
364 1834 471 1868 Porro
496 1846 593 1870 sacer
618 1836 771 1870 antistes
790 1836 957 1869 continuo
983 1834 1219 1870 Coloniam
1246 1835 1466 1880 proficiscens
1492 1834 1536 1869 ad
1558 1834 1638 1868 Hil-

88 1891 270 1927 ‹libaldum
297 1893 498 1937 pontificem
524 1905 586 1938 pro
613 1894 873 1928 consecratione
910 1894 1054 1928 ecclesie
1088 1905 1148 1928 sue
1182 1895 1322 1928 noviter
1347 1894 1404 1928 hic
1430 1896 1554 1933 erecte,
1580 1894 1638 1927 ut-

86 1953 170 1996 pote
195 1951 259 1986 sub
285 1952 381 1986 illius
407 1952 587 1987 ordinaria
613 1953 938 1987 amministratione
965 1953 1052 1993 site,
1091 1954 1255 1995 accessit,
1293 1964 1397 1998 quam
1436 1954 1484 1987 ut
1517 1964 1577 1997 per
1602 1962 1638 1986 se

86 2021 160 2057 Deo
187 2022 426 2058 dedicaret
452 2024 693 2059 licentiam
719 2024 914 2059 obtinuit&
963 2013 1049 2055 ΗΕΘ
1080 2014 1216 2055 autem
1259 2014 1341 2063 est,
1389 2026 1464 2066 que
1505 2012 1637 2053 adhuc

86 2081 195 2123 infra
225 2084 460 2125 monasterii
504 2086 618 2137 septa
665 2085 743 2126 sita
789 2086 850 2126 est
898 2086 939 2126 et
982 2084 1203 2126 oratorium
1248 2084 1459 2137 antiquum
1507 2082 1638 2124 sancti

86 2152 266 2207 Ludgeri
297 2155 560 2207 appellitatur
576 2156 592 2180 5
596 2187 780 2197 .....

230 2221 358 2267 Caput
383 2224 485 2260 XLV
498 2225 526 2260 6.
574 2225 626 2260 De
652 2226 822 2260 immensa
848 2225 924 2259 luce
951 2251 958 2258 .
986 2251 994 2260 .
1022 2252 1029 2259 .

228 2309 236 2317 .
265 2309 272 2317 .
300 2310 308 2318 .
336 2309 343 2316 .
370 2282 873 2329 Gerfridusprcsbyter
900 2285 1000 2319 eius
1024 2294 1163 2328 nepos
1189 2294 1228 2318 ac
1245 2285 1368 2327 postea
1387 2293 1637 2324 successor,

229 2413 262 2458 1)
288 2413 403 2457 Epist.
429 2413 583 2448 Rixfridi
615 2414 778 2458 (Leibniz
803 2415 861 2449 SS.
887 2414 934 2448 ΙΙ.
963 2414 1056 2458 243).
1077 2434 1120 2439 —-
1152 2414 1188 2459 2)
1213 2413 1313 2447 Nach
1339 2413 1415 2447 vita
1440 2412 1508 2446 III.
1533 2422 1561 2446 c.
1579 2412 1636 2446 40.

226 2473 263 2517 3)
289 2472 377 2507 Vita
402 2473 470 2507 III.
497 2483 524 2507 c.
551 2473 607 2508 38.
635 2493 677 2498 —
702 2474 739 2518 4)
766 2473 853 2507 Vita
879 2473 1010 2517 rythm.
1038 2473 1099 2506 let.
1127 2472 1175 2506 ΙΙ.
1201 2483 1234 2506 v.
1261 2472 1327 2506 155
1342 2471 1377 2505 ff.

228 2532 264 2575 5)
291 2531 404 2566 sehon
430 2531 504 2566 Abt
530 2531 621 2566 Gero
646 2532 894 2576 (1050—1063
919 2531 951 2576 1⁹)
989 2532 1072 2566 liess
1097 2531 1155 2566 die
1180 2531 1253 2565 alte
1279 2530 1414 2575 Crypta
1440 2530 1637 2566 abbrcchen

84 2589 157 2624 und
183 2600 252 2625 von
289 2601 413 2625 neuem
447 2590 575 2626 wieder
610 2591 789 2626 aufbauen
826 2592 992 2636 (criptam
1030 2592 1185 2625 veterem
1220 2590 1362 2625 diruens
1388 2591 1636 2626 honestissime

85 2648 376 2684 reedifficationis
414 2653 592 2685 structura
629 2661 708 2685 eam
745 2651 946 2694 reparavit,
984 2649 1119 2684 Ztschr.
1154 2649 1215 2684 des
1240 2649 1343 2693 Berg.
1372 2649 1637 2686 Gesch.vereins

85 2707 166 2742 VII.
193 2709 239 2753 5).
288 2708 388 2743 Nach
414 2708 527 2744 Gcck:
554 2710 620 2744 Die
646 2709 876 2744 Abteikirche
903 2720 943 2743 zu
970 2708 1120 2743 Werden
1146 2710 1180 2743 S.
1201 2710 1256 2744 12.
1278 2710 1321 2743 15
1346 2709 1449 2743 riihrt
1474 2720 1536 2743 aus
1562 2708 1636 2744 die-

85 2777 141 2801 ser
166 2766 246 2802 Zeit
271 2766 331 2802 der
357 2769 477 2803 innere
502 2769 659 2810 Ausbau,
685 2768 969 2812 Kremgewfflbe,
997 2768 1126 2802 Siiulen
1156 2769 1261 2802 sowic
1286 2768 1455 2812 Zugangc
1483 2779 1548 2802 von
1575 2768 1636 2803 der

86 2825 320 2869 Oberkirche,
359 2827 524 2863 wahrcnd
551 2827 607 2862 dic
632 2826 879 2862 Seitenwiinde
916 2827 985 2861 mit
1021 2826 1088 2861 den
1128 2826 1269 2861 kleinen
1295 2826 1635 2870 Fenster'offnungen

63 2882 148 2919 'aus
173 2885 346 2929 Liudgers
372 2887 451 2921 Zcit
476 2890 660 2921 stammen.
691 2906 733 2910 —
761 2888 796 2932 6)
823 2886 914 2920 XLI.
942 2886 1038 2921 Cinc.
