1864 3213
419 148 519 190 Vita
551 147 624 189 III.
659 161 690 189 s.
723 146 950 202 Liudgerus
981 146 1052 188 lib.
1086 147 1139 189 ΙΙ.
1473 145 1555 187 107

6 269 189 312 sanctum
223 268 502 322 Liudgeruma
533 266 575 308 in
600 265 846 308 Werthina¹³
879 277 1129 319 comparasse
1177 263 1350 305 diximus
1369 264 1395 314 ¹,
1428 262 1557 305 incul-

4 340 70 382 tus
102 340 142 381 et
182 338 462 380 inhabitabilis
509 338 607 379 erat.
657 347 749 382 Nam
774 348 949 392 plurimae
974 348 1049 382 eius
1087 346 1365 390 oceuptiones
1412 334 1556 388 quibus

6 411 48 451 in
82 409 196 464 iugit·
228 409 514 463 predicationis
545 408 756 460 instantia,
789 408 831 449 in
871 407 1145 451 sollicitudine
1185 406 1483 457 aecclesiarum,
1515 404 1558 446 in

6 494 100 524 cura
131 480 262 535 plebis
294 481 529 523 commissae
560 480 712 534 iugiter
744 480 960 533 occupatus
991 479 1205 521 tenebatur
1217 478 1247 529 d,
1286 488 1331 523 ad
1356 488 1447 522 hoco
1478 498 1558 522 eum

5 564 51 599 ad
76 562 166 598 illud
191 574 301 608 usque
327 562 529 606 tempusf
552 572 695 596 vacare
721 573 791 596 non
817 560 1087 606 permittebant.
1153 550 1295 603 Itaque
1341 549 1560 590 informata

8 622 256 666 christianae
287 622 498 678 religionis
530 622 708 664 moribus
740 622 869 676 plebe,
908 621 1148 664 constructis
1170 634 1241 674 pro
1271 621 1449 663 locorum
1481 619 1559 661 sibi

7 694 309 738 commissorum
341 694 578 736 diversitate
612 694 676 736 vel
713 693 968 736 monasteriis
1014 693 1078 735 vel
1116 691 1335 742 aecclesiis,
1383 691 1436 733 ad
1468 703 1558 733 con-

7 766 245 821 struendum
276 766 319 807 in
351 766 600 808 memoratog
646 765 731 807 loco
777 765 1064 808 monachorum
1111 764 1344 806 coenobium
1378 762 1559 805 animum

7 837 217 881 COssVel'ffib·
268 847 614 892 Assumptisque
641 858 818 887 secum,
846 858 960 892 quos
984 846 1088 881 huic
1115 846 1241 891 operi
1266 844 1560 881 necessarios

7 907 164 949 scivit,
191 907 417 952 adipsum
436 905 682 951 profectus
701 906 937 941 est2.E1·at
962 905 1312 940 ibi-sarculumh
1338 903 1559 950 quoddam

9 1005 40 1013 ..
55 977 357 1013 .—crederenss
383 979 689 1024 conspectum
704 978 756 1013 s³.
774 966 947 1009 Proinde
969 966 1117 1008 intueri
1140 965 1255 1018 libet,
1279 965 1430 1019 quanta
1452 964 1495 1006 in
1517 976 1561 1006 eo

7 1038 131 1081 fuerit
162 1037 261 1081 fides
295 1071 304 1080 .
340 1071 348 1080 .
384 1071 393 1080 .

150 1121 205 1156 39.
256 1120 309 1155 De
335 1120 457 1155 arbore
484 1131 573 1166 quae
599 1120 772 1155 remansit
805 1130 875 1154 non
902 1118 1023 1154 diruta
1037 1118 1056 1154 i.
1107 1119 1249 1160 Verum,
1287 1107 1332 1148 ut
1362 1106 1414 1148 ad
1447 1118 1562 1159 coep-

7 1181 90 1223 tam
124 1180 396 1223 narrationem
428 1180 652 1233 redeamus,
690 1202 737 1226 ex
775 1189 1047 1232 arboribus,
1093 1189 1562 1235 quas...—inventus

9 1253 54 1286 et
79 1250 286 1286 effossus
312 1251 419 1286 est4.

151 1311 220 1354 40.
281 1311 342 1352 De
395 1311 635 1353 discretione
668 1309 884 1364 spirituum
917 1310 954 1352 ei
1001 1310 1137 1352 datak.
1199 1309 1334 1364 Igitur
1381 1307 1563 1362 quamvis

8 1382 125 1436 plura
157 1383 336 1436 quoque¹
369 1383 532 1424 sanctus
569 1381 834 1436 Liudgerusm
874 1381 1120 1424 mirabiliter
1151 1393 1222 1435 per
1254 1379 1435 1422 divinam
1468 1391 1564 1434 gra-

8 1454 111 1496 tiam
143 1454 208 1496 vel
240 1454 384 1496 fecisse
418 1454 576 1496 dicatur
608 1453 672 1496 vel
704 1442 983 1508 prophetasse,
1026 1453 1125 1495 haec
1172 1454 1308 1494 tamen
1355 1442 1483 1504 pauca
1516 1450 1564 1492 de

10 1525 151 1567 multis
182 1534 319 1567 nuncn
367 1525 550 1567 sufficere
599 1525 812 1567 credimus.
876 1524 942 1566 Ad
990 1523 1238 1566 ostendenda
1285 1521 1431 1576 quippe
1478 1521 1563 1563 eius

10 1583 169 1646 merita,
201 1595 254 1638 ad
286 1595 537 1649 procuranda
569 1595 855 1638 audientibus0
887 1595 1092 1648 exempla,
1114 1615 1117 1617 *
1139 1594 1210 1635 idp
1260 1593 1391 1647 ipsum
1437 1604 1564 1646 pauca

11 1667 170 1718 valent,
219 1667 352 1720 quodq
384 1667 522 1721 plura,
571 1667 755 1721 quamvis
786 1679 913 1721 pauca
955 1680 1032 1709 non
1081 1667 1191 1708 iurer
1237 1664 1446 1715 dicantur,
1494 1663 1564 1704 ubi

12 1738 156 1780 cuncta
187 1751 288 1792 pene
301 1747 326 1790 ὃ,
360 1750 460 1792 quae
503 1738 710 1792 apostolus
745 1738 1076 1788 connumerattf’,
1110 1738 1335 1792 gratiarum
1370 1735 1471 1777 dona
1503 1734 1566 1775 in-

12 1809 240 1853 veniuntur.
272 1809 381 1851 Nam
414 1823 505 1852 cum
538 1810 697 1852 diversa
729 1804 998 1851 karismatum
1043 1809 1175 1851 donau
1213 1807 1398 1849 dixisset:
1454 1805 1565 1856 „Alii

13 1880 246 1934 quidemst,
279 1880 459 1935 inquitw,
490 1894 584 1935 „per
616 1881 827 1935 Spiritum,
841 1880 960 1922 datur
983 1893 1111 1922 sermo
1135 1879 1368 1934 sapientiae,
1401 1878 1473 1920 alii
1494 1889 1566 1919 au-

153 2030 170 2048 a
193 2021 315 2067 Liutg.
342 2024 378 2058 J.
406 2023 462 2065 K;
489 2023 603 2068 Ludg.
631 2023 682 2057 M.
709 2023 759 2058 N.
793 2024 845 2066 Π,-
871 2022 1010 2067 Ludgh.
1042 2024 1090 2064 T;
1119 2023 1228 2066 Lutg.
1255 2021 1298 2055 P.
1330 2039 1371 2044 —-
1405 2020 1420 2045 ἲ)
1447 2019 1564 2053 uveri-

14 2080 95 2116 dine
120 2080 157 2116 J.
184 2081 244 2126 K;
270 2081 426 2117 werdina
452 2083 513 2123 M;
542 2082 701 2117 wei-dena
729 2083 778 2117 N.
806 2102 849 2106 —
877 2092 889 2109 ‘³
916 2083 954 2117 in
981 2083 1098 2126 iniugi
1127 2081 1161 2117 (J.
1190 2081 1238 2115 K.
1265 2080 1314 2115 N.
1343 2099 1385 2104 —-
1424 2079 1440 2104 <¹
1467 2088 1564 2112 occu-

13 2140 166 2186 pabatur
191 2141 239 2176 K.
267 2161 310 2166 —
330 2150 344 2168 e
370 2141 482 2178 adhuc
507 2143 544 2178 J.
563 2143 610 2177 K.
633 2163 675 2167 —
702 2143 756 2177 ft.
777 2154 809 2177 u.
830 2143 878 2177 N.
900 2162 942 2166 —
969 2151 986 2175 g
1011 2141 1282 2177 commemorato
1308 2139 1356 2173 K.
1384 2158 1427 2163 —
1452 2138 1469 2163 h
1497 2137 1565 2172 sal-

14 2201 130 2235 tulum
155 2201 191 2236 J.
218 2200 266 2235 K.
295 2221 336 2225 —
372 2202 379 2227 i
406 2201 628 2237 De—diruta
661 2202 717 2246 F;
755 2201 797 2237 de
834 2202 909 2237 loco
935 2213 1037 2247 quem
1080 2201 1193 2245 elegit
1218 2199 1415 2244 sepulcrum
1450 2198 1493 2231 P.
1522 2217 1563 2221 ——

15 2261 32 2286 k
57 2259 244 2295 De-data
277 2260 331 2304 Γ,-
357 2260 399 2296 de
417 2260 519 2296 donis
545 2263 663 2306 gracie
690 2261 745 2296 dei
773 2263 816 2297 P.
845 2281 888 2285 —
918 2261 926 2287 1
952 2261 989 2296 J.
1016 2260 1058 2295 K
1080 2272 1106 2295 s.
1133 2261 1175 2294 h.-
1201 2259 1283 2293 alia.
1312 2278 1355 2282 —
1389 2265 1415 2282 ’τι
1441 2256 1564 2299 Liutg.

15 2319 51 2354 J.
78 2319 125 2353 K.
159 2319 212 2364 V‚·
236 2319 349 2364 Ludg.
376 2321 429 2355 M.
449 2321 504 2366 N3
531 2321 661 2366 Ludgh
718 2321 771 2365 1⁷3
796 2321 905 2365 Lutg.
944 2321 988 2355 P.
1017 2339 1060 2343 —
1103 2327 1119 2345 ¹¹
1144 2319 1172 2362 f.
1200 2318 1253 2352 M.
1283 2337 1324 2342 —
1351 2324 1367 2342 0
1393 2315 1566 2350 auditori-

15 2378 80 2413 bus
105 2379 149 2414 P.
169 2398 212 2404 —
238 2387 255 2412 Ρ
280 2380 307 2423 f.
333 2380 370 2415 J.
397 2379 454 2422 K;
481 2391 569 2416 corr.
598 2382 638 2417 m
663 2380 707 2415 ad
726 2381 769 2415 P.
799 2401 841 2405 —
868 2389 884 2413 <1
909 2381 936 2424 f.
964 2380 1007 2414 P.
1036 2397 1076 2402 —-
1104 2386 1117 2404 r
1142 2377 1257 2412 iniure
1286 2376 1325 2411 T.
1355 2395 1397 2400 —
1424 2383 1437 2400 S
1463 2375 1488 2418 f·
1509 2374 1565 2417 P,-

16 2437 89 2473 fere
111 2438 150 2474 J.
176 2437 236 2480 K3
261 2449 294 2483 p.
321 2449 348 2473 c.
375 2439 429 2473 M.
457 2459 500 2464 —-
526 2441 539 2466 t
563 2442 810 2475 commemoret
836 2439 886 2474 N.
915 2439 953 2475 T.
981 2440 1024 2475 P.
1054 2458 1096 2463 -—
1142 2445 1158 2463 ¹¹
1184 2437 1221 2474 J.
1260 2435 1302 2470 K
1323 2446 1350 2471 s,
1397 2435 1441 2469 h.-
1479 2444 1565 2469 csse.

18 2497 539 2542 —vfiR—wdixitN.

159 2664 194 2709 1)
219 2663 304 2708 Cap.
329 2664 385 2698 26.

159 2724 195 2768 2)
220 2723 307 2758 Vita
332 2723 380 2758 II.
407 2733 433 2758 c.
461 2725 506 2759 28
532 2724 685 2759 Schluss.

159 2783 196 2828 3)
222 2783 308 2817 Vita
334 2782 382 2817 II.
409 2793 436 2817 c.
462 2784 518 2818 29.

160 2842 196 2887 4)
223 2841 308 2876 Vita
333 2842 381 2876 II.
408 2852 435 2876 c.
461 2843 515 2878 30.

162 2901 198 2946 5)
225 2903 255 2936 1.
280 2899 357 2936 Cor.
385 2902 439 2944 12,
466 2902 592 2938 8—11.
