1864 3213
241 160 297 203 92
684 160 782 203 Vita
813 160 887 203 ΙΙΙ.
921 174 952 203 s.
987 161 1181 216 Liudgeri
1213 161 1284 206 lib.
1317 162 1348 204 Ι,

240 290 316 325 eius
341 289 520 335 probitate
546 291 583 324 et
608 290 813 324 litterarum
845 289 964 324 studio
990 289 1200 333 delectatus,
1242 279 1555 323 desiderabanta
1596 282 1794 325 condisci-

239 350 325 404 puli
357 350 606 393 sedulitateb
639 350 723 392 eius
746 351 787 392 et
807 350 1033 404 obsequiisc
1066 351 1245 394 devincti
1258 352 1286 394 sl.
1320 353 1586 394 Honorabant
1607 353 1794 396 monachi

239 422 347 476 piam
395 422 480 464 eius
528 421 871 464 conversationem
919 422 959 463 et
1005 422 1240 465 meritorum
1288 423 1545 465 sanctitatem
1594 424 1792 476 videntes,

239 493 430 535 amabant
460 493 658 547 postremo
691 505 827 535 omnes
859 501 980 534 eume
1012 495 1295 548 cognoscentes
1327 494 1428 537 miro
1453 495 1537 537 eius
1568 495 1620 537 ad
1653 495 1794 550 singu-

238 564 298 607 los
329 564 393 607 vel
424 577 560 607 amore
591 564 656 607 vel
687 565 834 607 honore
864 565 1082 618 provocati.
1119 564 1218 618 Quis
1250 565 1357 607 enim
1389 578 1480 607 eum
1512 578 1590 608 non
1622 567 1792 615 amaret.

240 635 326 690 quis
359 648 437 678 non
467 636 692 687 honoraret,
726 649 817 678 cum
850 636 935 690 ipse
972 649 1110 678 omnes
1150 637 1214 679 ets
1242 636 1358 679 unice
1391 636 1582 692 diligeret
1613 638 1653 679 et
1684 651 1794 680 sum-

238 720 397 761 mopere
416 707 701 749 veneraretur?
733 718 861 763 Itaque
887 719 1049 763 quamvis
1087 718 1249 754 omnibus
1286 729 1386 754 carus
1424 721 1526 761 esset,
1565 730 1586 754 a
1618 720 1793 764 magistro

238 780 357 812 tamen
384 777 528 822 speciali
555 777 758 812 dilectionis
783 777 974 822 privilegio
1011 777 1203 813 colebatur.
1254 777 1353 821 Quod
1390 778 1428 812 in
1467 789 1505 812 eo
1532 779 1616 813 velg
1640 779 1793 814 maxime

239 851 397 893 apparet,
434 848 526 894 quod
559 837 805 892 aliquotiesh
831 849 945 884 dicere
972 848 1139 891 solebati‚
1166 860 1201 883 sc
1229 849 1259 884 si
1286 850 1382 894 optio
1409 850 1469 884 eik
1495 849 1668 894 daleturl,
1695 862 1792 886 suam

237 910 343 943 antea
370 909 483 943 vitam
509 907 693 950 daturum,
721 919 824 954 quam
853 908 997 943 dilecto
1024 908 1121 943 filio
1148 919 1217 943 suo
1231 917 1257 934 111
1300 909 1364 953 (sic
1390 910 1484 943 enim
1511 921 1590 944 eum
1615 910 1793 955 appellare

238 979 435 1026 consuevit)
469 978 606 1026 aliquid
643 980 730 1014 mali
768 982 805 1014 et
835 979 1092 1015 adversitatisn
1130 980 1324 1015 eveniret1.
1368 969 1509 1012 Overe
1542 970 1789 1025 dignumve]

236 1039 313 1082 tali
345 1039 542 1094 discipulo
573 1040 830 1095 magistrum,
865 1040 928 1082 vel
960 1040 1036 1082 tali
1059 1040 1254 1096 magist-ro
1284 1041 1540 1095 discipulum,
1573 1041 1641 1095 qui
1672 1055 1794 1084 euan-

237 1111 394 1165 gelicao
426 1111 499 1153 illa
531 1111 710 1154 vicissim
743 1110 957 1154 dilectione
1004 1112 1126 1165 pleni,
1174 1125 1252 1166 qua,
1284 1125 1400 1154 nemo
1432 1113 1623 1154 maiorem
1655 1112 1790 1164 habet,

238 1183 283 1223 ut
313 1182 491 1224 animam
525 1191 666 1225 suamp
699 1184 786 1236 quis
818 1184 940 1236 ponat
971 1195 1042 1236 pro
1074 1182 1215 1225 amicis
1250 1183 1332 1225 suis
1351 1184 1377 1234 2,
1428 1197 1498 1238 pro
1545 1196 1587 1226 se
1618 1184 1790 1227 invicem

238 1253 417 1308 impendi
449 1255 488 1296 et
520 1254 622 1296 mori
655 1254 950 1296 desiderabant.

379 1350 437 1384 9‘1.
477 1348 529 1383 De
555 1350 738 1384 mansione
764 1350 840 1384 eius
866 1349 958 1394 apud
985 1349 1237 1384 Alchwinumr.
1275 1350 1396 1393 Igitur
1434 1349 1660 1393 LiudgerusS
1698 1349 1791 1394 apud

236 1421 449 1465 magistrum
474 1423 547 1456 tres
573 1422 760 1456 continuos
786 1423 918 1456 anuost
944 1425 981 1456 et
1007 1430 1093 1456 sexu
1119 1431 1255 1456 menses
1281 1431 1437 1461 manens,
1471 1423 1549 1451 noll
1571 1410 1699 1452 solum
1731 1411 1792 1451 'CO-

236 1482 323 1522 tum
357 1495 447 1524 cum
480 1494 524 1524 eo
555 1483 670 1524 vetus
703 1483 742 1524 et
774 1492 949 1525 novumv
981 1482 1270 1524 testamentum
1304 1481 1479 1536 perlegit
1494 1490 1518 1507 W
1550 1481 1590 1523 et
1621 1481 1793 1523 nonnul-

236 1552 295 1594 los
327 1553 545 1595 saecularis
577 1554 833 1596 litteraturae
864 1554 988 1596 libros
1007 1554 1034 1605 3,
1069 1554 1130 1596 set
1162 1555 1202 1595 et
1223 1553 1524 1603 monachorum,
1557 1552 1687 1605 quiin
1719 1552 1791 1594 illo

235 1624 321 1666 lOCO
353 1625 479 1676 erant,
512 1625 688 1678 perfecte
722 1625 947 1668 didiceratx
979 1626 1117 1668 Vitam.
1152 1636 1240 1670 Post
1278 1635 1370 1681 quod
1407 1634 1479 1669 ady
1515 1645 1598 1669 suos
1632 1645 1791 1669 reversus

236 1695 358 1738 patri
383 1694 604 1739 Gregorio
631 1698 668 1730 et
694 1696 821 1731 ceteris
847 1696 1009 1731 omnibus
1047 1698 1126 1731 tan
1139 1698 1183 1730 to
1223 1695 1385 1740 deinceps
1411 1695 1549 1739 gratior
1587 1696 1624 1729 et
1649 1693 1791 1738 dignior

236 1755 323 1795 erat,
351 1757 483 1798 quanto
509 1756 594 1788 tunc
620 1756 657 1789 et-
681 1755 884 1790 litterarum
923 1756 1072 1790 scientia
1111 1756 1319 1790 instructior
1350 1758 1386 1790 et
1412 1753 1633 1790 librorum
1660 1754 1790 1799 eopia

236 1813 372 1858 plenior
397 1816 434 1848 et
459 1814 706 1849 monachorum
733 1815 866 1859 regulis
893 1815 1067 1850 eruditior
1093 1815 1164 1849 fuit
1176 1816 1198 1849 ⁴.

380 1898 452 1933 102.
480 1898 532 1933 De
557 1898 713 1934 transitu
740 1897 902 1944 Gregorii
929 1900 966 1934 et
991 1898 1207 1933 successione
1233 1897 1404 1933 Albricia.

377 2073 393 2089 11
419 2063 642 2099 desiderabat
659 2065 695 2100 J.
715 2085 756 2089 ψ
777 2065 792 2089 ¹¹
812 2064 1041 2099 sedulitatem
1062 2064 1114 2099 M.
1135 2085 1176 2089 -
1205 2073 1219 2090 υ»
1245 2063 1411 2108 obsequio
1430 2063 1466 2098 J.
1486 2062 1534 2097 K.
1563 2082 1604 2086 —-
1633 2062 1649 2087 d
1675 2061 1788 2096 functi

235 2124 271 2158 J.
299 2123 347 2157 K.
374 2142 416 2147 -η
443 2131 457 2148 e
483 2134 511 2158 e.
538 2135 570 2168 p.
589 2134 619 2158 0.
638 2124 673 2159 J.
693 2124 742 2159 K.
762 2143 804 2148 —
824 2125 838 2150 f
857 2125 883 2168 f.
900 2124 947 2158 K.
979 2144 1020 2148 ——
1047 2132 1064 2157 g
1089 2125 1115 2167 f.
1133 2124 1170 2158 J.
1189 2123 1236 2158 K.
1259 2144 1300 2148 ——
1318 2123 1336 2148 h
1362 2122 1578 2167 aliquotiens
1603 2122 1639 2156 J.
1667 2121 1714 2156 K.
1734 2121 1787 2156 M.

237 2182 340 2217 T.—
374 2181 1789 2225 is.d.J.]1⁷.—ke.0.-J.K,—ld.e.IlI.—¹¹1f.J.K.——11et

235 2252 265 2276 a.
291 2243 317 2285 f.
345 2243 381 2277 J.
408 2242 451 2276 K
473 2263 515 2267 —
559 2253 573 2268 υ
600 2243 831 2287 euuangelica
860 2242 894 2277 C.
926 2263 960 2267 —
995 2251 1010 2274 1¹
1036 2243 1061 2285 f.
1090 2242 1143 2275 M.
1172 2262 1214 2266 ——
1245 2250 1261 2273 (1
1287 2242 1367 2276 Item
1395 2240 1678 2285 Capitelanfany
1704 2239 1787 2274 Sur.

236 2321 280 2327 -
305 2309 318 2327 1
341 2301 541 2336 De-Alcn
567 2302 613 2336 R.
639 2303 683 2336 F.
701 2322 740 2326 —
759 2310 770 2328 Ξ
796 2302 919 2345 Liutg.
945 2302 982 2336 J.
1009 2300 1196 2345 K;Lu<1g.
1224 2300 1276 2334 M.
1304 2300 1352 2334 N.
1379 2299 1419 2334 U.
1441 2298 1491 2344 Q5
1517 2297 1655 2342 Ludgh.
1685 2298 1724 2332 T.
1745 2317 1787 2321 ——

235 2362 246 2386 t
270 2361 306 2395 J.
334 2360 377 2394 K
399 2372 424 2395 s.
451 2362 493 2394 71:
520 2363 560 2395 ut
586 2360 747 2396 diximus.
782 2381 823 2385 -—
850 2369 867 2387 u
885 2361 946 2395 VI.
973 2361 1017 2395 R.
1041 2381 1083 2385 ——
1110 2369 1126 2386 V
1153 2372 1185 2395 n.
1218 2371 1246 2394 e.
1273 2371 1304 2394 v.
1324 2359 1377 2392 M.
1398 2377 1442 2383 —-
1468 2365 1491 2383 W
1517 2368 1606 2393 corr.
1632 2358 1671 2392 in
1696 2356 1788 2400 legit

238 2419 283 2460 G;
309 2419 401 2463 legit
426 2420 476 2454 N.
505 2419 544 2454 T.
578 2420 618 2455 U.
653 2439 685 2444 —
734 2429 751 2445 x
777 2419 904 2454 didicit
932 2421 970 2454 T.
1014 2440 1055 2444 —
1093 2428 1109 2452 5
1136 2430 1213 2453 cum
1241 2431 1272 2453 a.
1301 2431 1321 2453 a
1360 2419 1406 2453 R.
1434 2417 1478 2453 ad
1506 2418 1545 2452 T.
1585 2436 1628 2442 -—-
1668 2425 1681 2443 Z
1706 2418 1789 2452 lccin

236 2477 520 2525 Capitelcmfany
546 2479 598 2513 M.
627 2499 670 2504 -
700 2488 716 2505 11
741 2478 981 2514 De—Albrici
1007 2479 1052 2514 F.
1079 2479 1135 2519 E;
1161 2478 1260 2513 Albr.
1286 2479 1312 2522 f.
1340 2478 1384 2512 R.

377 2683 413 2726 1)
440 2681 527 2716 Vita
552 2682 580 2716 Ι.
607 2692 635 2716 e.
664 2682 717 2716 13.

378 2742 413 2786 2)
440 2740 519 2775 Joh.
548 2741 602 2782 15,
630 2741 684 2775 13.

378 2801 414 2846 3)
442 2799 523 2843 Vgl.
550 2810 625 2844 cap.
653 2800 673 2834 6
700 2798 784 2833 'uber
811 2798 867 2833 die
897 2797 1105 2838 „saecularis
1132 2797 1376 2832 litteratura“.

376 2860 412 2905 4)
438 2859 526 2894 Vita
551 2859 580 2893 I.
607 2869 633 2893 c.
664 2859 718 2893 13.

377 2919 413 2964 5)
439 2918 526 2954 Vita
551 2918 599 2953 II.
626 2928 653 2955 c.
682 2917 701 2952 7
727 2928 760 2953 u.
787 2917 828 2959 6;
859 2915 937 2951 vita
961 2915 989 2951 I.
1017 2926 1044 2950 e.
1072 2917 1127 2959 15,
1155 2917 1210 2958 13,
1237 2916 1291 2950 14.
