1864 3213
270 147 353 189 138
667 144 765 186 Vita
797 143 946 198 rythm.
994 155 1025 186 s.
1057 140 1251 195 Liudgeri
1283 140 1353 183 let.
1386 139 1418 180 Ῑ.

436 263 500 305 Da
531 261 657 304 talem
689 259 885 316 graciam,
917 260 963 301 ut
995 259 1077 300 sint
1108 270 1238 299 meam
1272 257 1450 299 animam

480 333 559 375 tibi
590 331 916 374 commendantes
948 342 1085 372 omnes
1111 329 1335 379 audientes,

300 404 369 447 55.
433 404 488 445 Et
517 402 784 456 patrocinium
817 400 942 444 mic-hi
975 401 1029 442 sit
1060 399 1255 441 auxilium

482 475 641 528 patroni
671 472 866 527 Liudgeri
898 472 940 513 in
972 471 1188 524 conspectu
1219 469 1325 512 Dei!

433 546 542 600 Ergo
574 544 723 598 incipio
753 544 826 585 illo
859 543 907 585 de
938 541 1149 596 principio,

483 629 621 658 sumus
653 628 728 669 quo
759 615 899 666 creati,
930 628 1006 669 quo
1038 615 1079 657 et
1108 613 1292 656 recreati.

432 687 556 728 Pater
587 686 851 739 omnipotens,
885 685 997 738 lapso
1029 684 1180 726 mundo
1211 683 1427 737 providens

303 759 371 801 60.
483 757 613 798 filium
646 756 823 807 donavit,
857 768 934 810 quo
965 756 1071 797 hunc
1103 754 1350 804 reformavit,

436 828 534 870 Eius
565 828 606 869 et
636 827 811 869 hominis
843 827 1044 868 unitatem
1078 825 1263 875 contulit,

484 899 549 941 cui
580 899 710 941 totum
741 898 939 939 mundum
972 898 1078 939 ferat
1108 896 1343 947 uniendum,

435 970 622 1024 Appenso
654 969 786 1022 precio
818 969 959 1010 mundi
992 968 1078 1021 ipso
1108 967 1194 1008 filio

484 1041 527 1082 in
559 1040 874 1094 redemptionem
906 1040 1061 1081 librans
1093 1040 1328 1088 creatorem,

305 1113 373 1156 65.
438 1112 592 1166 Spiritu
623 1112 776 1163 addito,
810 1110 877 1165 qui
909 1112 1065 1164 patrem
1098 1110 1140 1151 in
1170 1109 1254 1151 filio

488 1195 573 1224 esse
606 1183 646 1224 et
676 1182 718 1223 id
750 1182 883 1235 ipsum
917 1181 1058 1223 doceat
1089 1193 1130 1222 se
1162 1180 1354 1221 missum:

438 1254 527 1296 Hac
559 1253 667 1295 omni
700 1252 840 1308 gracia
871 1251 978 1305 cepit
1009 1253 1050 1293 et
1081 1250 1335 1303 Westphalia

489 1325 632 1378 respici
666 1337 690 1366 a
721 1324 807 1365 Deo
838 1324 932 1365 nato
965 1323 1039 1365 hoc
1070 1322 1285 1376 Liudgero.

372 1399 402 1431 1.
437 1395 585 1442 Pippini
611 1397 768 1439 tempore
794 1394 890 1428 fuit
915 1393 1058 1438 quidam
1085 1393 1279 1434 nomine,

310 1458 376 1499 70·
488 1466 676 1501 ordinante
701 1465 787 1506 Deo,
814 1464 1032 1508 Wirisingus
1057 1463 1174 1497 Freso.

437 1525 505 1560 Hic
531 1526 562 1560 si
587 1524 800 1566 incredulus,
828 1523 900 1558 fuit
926 1525 1081 1558 tamen
1107 1521 1249 1557 sedulus

490 1585 605 1619 cultor
629 1584 780 1629 pietatis
805 1585 842 1618 et
867 1584 1006 1618 amator
1032 1583 1140 1626 pacis,

441 1644 551 1678 Dives
576 1644 614 1677 in
640 1643 768 1685 seculo,
794 1641 969 1676 nobilis
996 1641 1033 1675 in
1059 1640 1199 1684 populo,

491 1703 596 1747 longe
622 1704 678 1737 est
704 1703 741 1736 et
765 1701 839 1735 late
865 1700 981 1734 clarus
1006 1699 1197 1744 probitate.

312 1763 378 1807 75.
439 1763 675 1805 Habraham
708 1761 899 1811 cerneret,
947 1782 969 1816 q
979 1782 1001 1805 u
1012 1781 1031 1805 a
1041 1781 1076 1804 m
1088 1770 1157 1804 vis
1182 1781 1205 1804 n
1216 1780 1234 1804 0
1248 1781 1271 1804 n
1284 1768 1305 1803 d
1315 1780 1379 1803 uni
1393 1769 1404 1787 ¹
1431 1767 1601 1810 crederet,

491 1843 552 1877 per
579 1831 767 1866 discretam
792 1833 948 1865 mentem
975 1829 1071 1864 idola
1097 1830 1332 1873 spernentem.

442 1891 514 1926 Hee
541 1891 609 1924 viri
635 1889 779 1924 bonitas
805 1888 889 1923 dum
914 1899 975 1933 per
1001 1888 1133 1922 famam
1159 1887 1303 1928 volitat,

495 1951 601 1992 servi
632 1950 759 1992 Jhesu
791 1948 945 1991 Christi
977 1948 1192 1990 oraverunt
1223 1947 1312 2000 ipsi.

442 2021 511 2055 Illo
537 2021 608 2055 iam
635 2022 792 2064 tempore
818 2030 886 2054 rex
911 2018 1056 2053 Rabodo
1081 2018 1224 2052 nomine

313 2083 381 2125 80·
492 2091 610 2126 fuerat
634 2091 881 2126 Fresonum
908 2090 1022 2124 cultor
1048 2089 1231 2124 idolorum.

444 2151 522 2193 Hic,
549 2161 635 2196 quos
661 2149 832 2185 debuerat
858 2149 1051 2189 defensare,
1079 2148 1203 2182 oderat

496 2210 662 2244 multos
690 2207 884 2253 spoliando,
912 2207 1081 2253 quosdam
1108 2209 1144 2241 et
1169 2204 1362 2241 necando.

444 2268 550 2303 Malis
576 2267 779 2302 huiusmodi
804 2266 961 2301 infidelis
986 2266 1107 2310 populi

496 2328 657 2372 princeps
683 2326 838 2361 infidelis
864 2327 1082 2360 incessanter
1108 2325 1213 2359 sevit.

316 2377 386 2419 85-
449 2387 523 2421 Hoc
548 2387 668 2421 nullus
694 2388 851 2430 tempore
876 2385 996 2429 potuit
1020 2384 1186 2429 proficere

497 2445 561 2480 sub
587 2446 711 2479 insano
737 2455 820 2488 rege
846 2444 921 2478 ulla
946 2444 1043 2477 iusta
1068 2443 1158 2486 lege.

447 2505 543 2540 Haec
569 2516 673 2539 causa
699 2504 835 2545 extitit,
862 2514 931 2548 qua
957 2501 999 2537 de
1025 2504 1121 2536 terra
1146 2501 1236 2536 exiit

498 2564 714 2608 Wirisingus
740 2573 802 2597 sua
828 2573 909 2597 usus
934 2561 1026 2596 bona
1050 2560 1148 2605 fuga.

430 2670 485 2705 72.
511 2671 650 2704 amator
687 2668 845 2704 eorr.'T.
884 2687 927 2692 -—
967 2667 1021 2702 75.
1049 2668 1208 2701 cerneret
1246 2676 1334 2700 corr.
1375 2664 1415 2698 T.
1459 2684 1499 2688 -—
1537 2663 1593 2698 88.
1618 2661 1846 2706 Wirisingus

286 2740 377 2766 corr.
406 2729 446 2763 T.

430 2883 466 2927 1)
492 2883 578 2917 vita
605 2882 631 2916 1.
661 2892 688 2917 c.
716 2883 745 2916 1.
