1801 3213
579 127 832 182 Lobgedicht
862 126 1039 181 Uffings.
1502 126 1590 169 225

252 244 433 286 Alleluia
465 245 621 295 sonant,
654 244 857 299 Liudgero
887 244 993 286 festa
1031 244 1187 286 canoris

250 314 414 369 Organa
448 315 546 357 dant
577 316 663 358 odis
694 315 845 368 proprii
877 315 950 357 sub
990 315 1135 357 honore
1167 314 1366 368 parentis:

249 385 357 427 Hinc
387 385 468 427 iam
500 385 680 439 piscosae
713 385 933 428 viridantia
966 386 1086 427 litora
1117 385 1264 435 Rume,

93 457 166 498 45.
249 456 405 498 Intonsi
437 457 591 498 montes
624 457 664 498 et
694 457 877 498 amantes
908 456 1035 498 ardua
1067 468 1186 509 rupes

246 527 329 580 Ipsi
360 527 523 569 laeticia
555 527 696 569 laudes
728 527 778 568 ad
810 527 944 569 sidera
975 527 1142 569 iactant.

247 597 353 649 Quid
387 599 459 639 tua
491 610 597 639 nune
639 598 830 651 primum,
863 598 928 639 vel
960 597 1070 651 quid,
1109 597 1322 652 Liudgere‚
1357 610 1587 651 supremum

244 668 483 719 Werfflrina,
516 669 733 723 laurigeris
766 668 936 723 cingens
969 681 1039 710 sua
1070 668 1244 721 timpora
1276 669 1407 720 sertis,

243 740 373 782 Dulce
403 739 480 781 tibi
511 739 683 794 pangit?
730 739 867 781 Etiam
902 752 975 780 vox
1006 739 1135 780 ferrea
1168 739 1201 780 si
1235 739 1301 790 sit,

94 810 162 853 50.
244 811 323 852 Vix
355 810 510 864 aliquid
543 810 713 865 dignum
746 810 867 852 factis
899 810 1062 852 reboare
1093 811 1286 863 potestur.

245 881 278 923 O
309 885 423 935 pater
455 881 583 923 alme!
615 881 698 923 tuis
730 881 905 923 narratis
938 893 1096 922 sumnia
1129 880 1282 923 decoris

242 952 337 995 Jam
369 951 498 1003 modo,
531 952 612 993 iam
646 953 785 994 niveas
822 951 997 993 tuaearis
1029 951 1207 1005 undique
1240 951 1391 1002 caulas,

243 1023 307 1065 Ne
339 1023 456 1076 lupus
488 1035 553 1065 ore
585 1023 694 1065 ferox
727 1023 801 1064 sub
833 1022 949 1064 ovino
981 1022 1130 1065 vellere
1161 1022 1325 1064 tectus1

241 1094 428 1136 Rictibus
457 1093 646 1149 anguinis
678 1094 807 1135 ullum
842 1094 1022 1136 luc-retur
1053 1094 1103 1135 ab
1136 1093 1268 1148 agnis,

90 1164 160 1207 55.
245 1164 411 1206 Loethei
442 1165 569 1206 facias
600 1164 715 1206 fluvii
746 1177 843 1218 quos
875 1165 1040 1219 gurgite
1072 1164 1204 1217 lapsos
1223 1165 1238 1188 ‘2

242 1235 398 1276 Pabula
429 1235 624 1277 oliviferis
656 1235 837 1276 rediviva
870 1247 1077 1287 capessere
1109 1235 1249 1288 pratis.

241 1306 352 1348 Inter
383 1307 424 1347 et
454 1306 525 1348 hos
556 1306 663 1360 elegi
694 1306 848 1348 recolas
880 1306 1107 1347 misererier
1138 1305 1262 1347 hedi³

243 1377 415 1431 Usfingi‚
448 1377 633 1419 inmensa
665 1376 809 1418 vallati
841 1376 945 1418 mole
978 1375 1112 1429 piacli.

241 1447 328 1499 Quo
359 1460 527 1499 merear,
560 1460 712 1501 precor,
745 1447 989 1501 ignicremos
1021 1447 1187 1489 sufferre
1219 1459 1398 1500 vapores,

87 1518 156 1562 60.
237 1518 317 1560 Fac
348 1518 505 1568 leviter,
538 1517 679 1572 paenis
711 1517 814 1559 alias
850 1517 1088 1571 plectendus
1119 1517 1288 1561 acerbis.

238 1589 326 1631 Hoc
356 1589 514 1631 auferre
545 1589 658 1641 velit,
691 1590 885 1643 iustisque
923 1589 1057 1631 sidera
1088 1589 1233 1642 pandit
1248 1591 1278 1641 4,

236 1661 448 1714 Perpetuis
479 1673 616 1703 omnes
647 1661 879 1703 sustentans
910 1660 1074 1702 orbibus
1106 1660 1234 1711 orbes,

237 1732 291 1774 Et
322 1732 429 1787 regit
459 1731 673 1785 imperium
706 1731 916 1785 prepotens
949 1731 1035 1773 sine
1068 1730 1178 1773 calce
1210 1742 1441 1784 supernum.

238 1803 383 1846 Amen.
980 1808 991 1816 '
1268 1813 1272 1816 ’

165 1920 221 1954 44.
248 1919 389 1954 Rhurae
416 1919 512 1956 Oine.
548 1940 590 1945 —
629 1919 686 1955 45.
713 1919 755 1954 In
783 1921 908 1953 tonum
933 1918 1024 1954 Msc.
1051 1920 1130 1953 136.
1158 1917 1268 1961 διῆκε,-
1307 1929 1340 1953 α.
1367 1917 1413 1953 R.
1442 1918 1579 1953 intonsi

23 1977 117 2014 Msc.
142 1980 221 2013 136.
260 1998 304 2003 -
340 1979 397 2013 47.
424 1978 509 2023 quid
537 1978 645 2022 Cinc;
670 1977 832 2022 Ludgere
860 1977 960 2014 Oine.
986 1978 1080 2013 Bon.
1106 1997 1150 2002 —
1187 1978 1246 2012 48.
1273 1976 1461 2012 Werthina
1485 1977 1578 2013 Bozl.

24 2037 164 2081 Leibn5
189 2038 343 2083 timpora
369 2038 496 2073 Leibn.
536 2058 580 2063 -—-
618 2039 674 2073 49.
709 2038 855 2083 plangit
879 2037 971 2072 Msc.
998 2039 1076 2072 136.
1117 2056 1161 2061 -
1198 2037 1253 2071 51.
1281 2037 1454 2071 nostratis
1481 2035 1579 2072 Cinc.

23 2096 118 2132 Bozz.
145 2116 189 2122 —
215 2097 270 2132 52.
296 2097 389 2131 Nam
416 2096 452 2132 G.
486 2118 528 2122 —
554 2098 610 2133 53.
648 2096 742 2132 ferus
777 2096 905 2132 Leibn.
944 2116 988 2121 —
1026 2096 1082 2130 54.
1118 2095 1231 2130 ullum
1257 2096 1352 2131 Bozl.
1379 2095 1507 2131 Leibn.
1534 2115 1580 2120 -—

24 2155 81 2192 56.
106 2166 284 2200 capescere
309 2156 401 2192 Msc.
427 2159 506 2191 136.
539 2175 582 2180 -—
619 2157 673 2191 57.
700 2156 873 2201 Interque
899 2155 963 2190 hos
988 2154 1125 2198 Leibn,·
1158 2154 1222 2189 hos
1248 2157 1285 2189 et
1309 2154 1401 2190 Msc.
1429 2156 1508 2189 136.
1534 2173 1580 2178 —

24 2214 80 2250 58.
106 2214 242 2259 Effingi
270 2214 318 2259 Ο,-
344 2214 490 2260 Offyngi
515 2227 606 2251 corr.
631 2217 673 2251 in
691 2215 839 2260 Uffyngi
865 2215 956 2250 IIIsc.
981 2216 1072 2257 1365
1102 2214 1254 2248 inmensi
1280 2214 1371 2249 DIsc.
1398 2216 1467 2248 136
1481 2228 1493 2257 ;
1517 2224 1581 2249 no-

23 2284 104 2308 men
128 2263 264 2308 autoris
291 2285 324 2309 a.
349 2274 396 2309 R.
422 2275 514 2311 Msc.
541 2277 620 2309 136.
646 2294 690 2299 —
717 2275 772 2309 59.
806 2273 959 2318 perferre
985 2272 1112 2308 Leibn.
1141 2293 1183 2298 —
1210 2274 1265 2308 60.
1293 2272 1368 2307 Hac
1396 2272 1443 2316 C;
1467 2272 1581 2307 leuier

22 2332 115 2368 Bon.
142 2352 186 2357 —
213 2333 268 2368 63.
295 2337 382 2370 διατι
405 2336 613 2379 prepotens:
640 2333 774 2368 sanctis
802 2333 899 2368 Oine.
938 2350 981 2355 —
1021 2332 1076 2366 64.
1102 2333 1143 2367 in
1167 2332 1410 2377 griechischen
1434 2331 1579 2376 Majus-

21 2391 104 2427 keln
130 2390 180 2435 0,·
204 2391 269 2426 hoc
294 2393 405 2428 cecini
430 2393 521 2428 Mse.
547 2393 604 2428 II.
630 2394 676 2426 12
685 2405 697 2435 ,-
726 2393 752 2436 f.
779 2391 871 2427 Msc.
898 2392 977 2425 136.
1005 2389 1102 2426 Oine.

165 2545 199 2589 1)
225 2544 307 2588 Vgl.
333 2544 466 2580 Matth.
494 2545 526 2586 7,
554 2545 609 2580 15.
636 2564 680 2569 —-
706 2546 742 2590 2)
767 2544 835 2579 Die
861 2545 910 2578 im
937 2542 1082 2578 Strudel
1108 2541 1168 2577 ‹les
1194 2542 1476 2584 Lethestromes‚
1515 2541 1574 2577 des

22 2602 163 2638 Flusses
200 2602 261 2638 der
297 2603 509 2646 Unterwelt,
548 2603 800 2639 Versunkenen
840 2622 883 2627 -
922 2601 977 2636 die
1004 2600 1308 2645 Abgestorbenen.
1349 2622 1391 2626 —-
1429 2602 1465 2646 3)
1492 2601 1573 2645 Vgl.

20 2661 152 2697 Matth.
179 2663 236 2704 25,
264 2662 345 2698 3212
376 2683 418 2687 —
444 2663 481 2708 4)
506 2663 588 2708 Vgl.
617 2662 749 2698 Matth.
776 2663 808 2704 5,
834 2662 890 2696 45.

1303 2919 1356 2962 15
