1801 3213
517 141 720 189 Cincinnii
760 142 847 184 vita
878 155 909 184 s.
942 141 1150 196 Liudgeri.
1524 141 1607 184 261

55 271 218 317 princeps
242 272 457 306 memoratus
485 259 688 314 insignem
734 260 868 302 virum
912 259 1202 314 Werisyngum
1242 272 1320 301 non
1360 257 1502 313 exiguo
1548 259 1610 301 est

57 331 182 374 etiam
213 343 346 373 amore
367 331 644 384 prosequutus,
676 340 699 375 b
714 340 960 376 eneficium
991 342 1061 372 seu
1082 329 1487 372 amministrationem
1510 329 1611 382 pub—

55 401 179 444 licam
212 413 269 447 1111
294 413 386 447 circa
419 412 622 447 Traiectum
659 413 706 446 in
745 411 956 446 confinio
991 411 1254 446 Phrisonum
1286 411 1457 446 concessit
1482 413 1527 446 et
1560 411 1610 446 ad

54 472 257 517 patriam
282 482 402 506 suam
426 471 466 505 in
491 470 585 505 fide
611 470 851 505 collaborandi
875 471 997 514 gratia
1023 482 1120 505 eum
1145 482 1265 506 rursus
1291 470 1475 505 direxit.
1525 469 1611 513 Qui

53 531 142 565 illuc
176 529 315 565 rediens
349 530 534 575 propria
570 528 847 564 hereditate
872 532 1066 574 accepta
1100 530 1229 565 iuxta
1267 529 1527 564 Traiectum
1562 530 1610 564 in

53 589 173 632 loco,
199 589 279 635 qui
305 589 530 624 dicebatur
556 588 784 630 Suahsna,
810 588 1089 624 habitavit1.
1116 616 1124 624 .
1153 616 1195 623 ..

196 658 324 705 Caput
348 659 392 696 V.
440 659 494 694 De
519 659 688 694 miraculo
713 659 852 704 lapsus,
892 659 984 704 quod
1019 660 1176 704 contigit
1209 660 1247 695 in
1272 662 1386 696 matre
1412 659 1608 704 Liafburga

51 718 159 754 beato
184 719 260 754 viro
285 717 445 763 gravida,
473 720 510 753 et
534 717 654 753 fausta
680 718 780 754 illius
804 719 1014 754 nativitate.

196 817 202 824 .
231 818 237 825 .
267 817 275 824 .
304 817 310 824 .
336 789 489 824 Proinde
515 800 600 834 puer
626 800 724 824 sacro
757 789 987 834 baptismatis
1012 789 1112 824 fonte
1134 792 1156 820 a
1182 779 1299 821 beato
1320 779 1610 822 W'illibl'ordo'2

53 851 153 892 tunc
183 849 424 892 Phrisonum
458 850 786 903 archiepiscopo3
818 849 882 904 (ut
912 850 1130 905 credimus)
1172 851 1434 905 regeneratus
1475 851 1535 892 est
1569 871 1608 895 ac

50 932 197 967 nomine
222 942 283 966 suo
309 931 509 976 Liudgerus
539 932 739 976 appellatus
765 932 831 971 est,
878 920 1037 962 leVfin'fie
1083 921 1202 961 illum
1243 921 1364 962 beata
1404 933 1449 962 aC
1481 920 1609 962 HObili

53 992 128 1034 Ida
144 993 173 1043 4,
208 1005 254 1034 ex
285 992 431 1034 ducum
464 992 662 1046 sanguine
694 992 736 1033 in
768 991 937 1033 Francie
969 991 1153 1044 partibus
1185 992 1286 1033 orta.
1329 991 1414 1043 Que
1445 991 1607 1045 quidem

49 1064 201 1118 postea,
235 1063 280 1104 ut
300 1063 475 1118 legimus
492 1064 521 1114 ⁵,
554 1062 681 1105 nobili
713 1063 798 1105 viro
822 1062 1001 1117 Egberto
1023 1062 1173 1115 nupsit,
1206 1063 1296 1115 post
1327 1062 1440 1104 cuius
1471 1064 1608 1103 trans-

51 1133 156 1176 itum
188 1133 276 1187 ipsa
319 1134 618 1176 sanctissimam
660 1134 702 1175 in
734 1133 972 1175 castimonia
1004 1133 1132 1175 vitam
1168 1133 1366 1186 perduxit.
1430 1132 1607 1185 Quorum

50 1217 164 1247 sacre
194 1204 362 1257 reliquie
395 1204 527 1247 adhuc
558 1205 599 1245 in
630 1205 728 1255 loco,
767 1205 836 1258 qui
868 1204 1017 1246 dicitur
1048 1203 1284 1255 He1·tfeld⁶,
1327 1204 1433 1258 apud
1465 1203 1606 1257 Lippie

50 1275 223 1318 fluvium
254 1275 294 1316 in
329 1275 498 1318 ecclesia
530 1288 601 1317 sua
633 1274 966 1317 Monasteriensis
998 1274 1181 1325 diocesis,
1223 1287 1343 1328 quam
1376 1276 1603 1317 construxe-

53 1346 131 1397 rat,
164 1345 340 1388 1611111161Ί
371 1346 641 1399 requiescunt.

193 1426 320 1472 Caput
344 1427 456 1464 VIII.
506 1427 557 1462 Ut
582 1427 709 1462 beatus
734 1427 920 1472 Ludgerus
950 1416 1218 1459 subdiaconus
1248 1428 1286 1462 in
1323 1427 1457 1472 Anglia
1490 1428 1606 1463 diaco-

49 1488 157 1522 natus
182 1486 339 1521 ordinem
366 1489 620 1532 consequenter
646 1488 841 1532 perceperit
868 1514 876 1523 .
903 1515 911 1522 .
939 1515 947 1522 .
976 1515 982 1521 .

193 1583 201 1592 .
229 1584 236 1591 .
265 1585 272 1592 .
300 1585 306 1592 .
332 1557 475 1592 Venit
500 1558 615 1602 igitur
640 1558 721 1592 istis
748 1557 870 1592 diebus
896 1569 937 1593 ex
966 1557 1123 1601 Anglia
1149 1557 1325 1603 quidam
1351 1558 1510 1593 sacerdos
1536 1570 1606 1594 no-

49 1628 168 1663 mine
201 1627 393 1669 Albricus⁷‚
438 1618 508 1671 qui
548 1619 743 1672 cognatus
780 1618 867 1660 erat
908 1618 1109 1671 quondam
1140 1618 1366 1660 beatissimi
1406 1619 1605 1662 antistitis

50 1687 229 1731 SUiberffi
244 1688 273 1739 8,
305 1700 441 1743 pariter
467 1701 503 1734 et
528 1710 636 1744 nepos
662 1699 853 1734 venerandi
878 1701 991 1745 patris
1019 1699 1183 1744 Gregorii
1209 1727 1217 1735 .
1245 1727 1252 1735 .
1279 1728 1287 1735 .
1315 1727 1323 1735 .

193 1769 430 1814 eaputxv.
479 1770 529 1805 Ut
555 1770 681 1805 beatus
707 1771 890 1816 Ludgerus
924 1780 1003 1806 mox
1037 1770 1078 1805 de
1104 1772 1215 1806 Roma
1240 1772 1278 1806 in
1303 1774 1459 1806 montem
1486 1771 1604 1807 Cassi-

49 1840 135 1864 num
160 1829 205 1864 ad
230 1830 485 1864 monasterium
511 1830 627 1864 sancti
653 1830 841 1865 Benedicti
867 1830 1049 1865 secesserit
1077 1857 1084 1864 .
1111 1857 1118 1864 .
1148 1857 1155 1864 .

193 1996 227 2040 1)
253 1994 390 2030 Altfrid
415 1995 445 2030 I.
472 2006 499 2029 c.
525 1995 558 2030 4.
600 2016 643 2019 —
681 1995 715 2039 2)
742 1995 813 2030 Der
849 1994 900 2030 hl.
937 1993 1147 2029 willibrord
1185 1994 1284 2030 starb
1311 1995 1605 2029 wahrscheinlich

50 2055 119 2089 739
145 2053 259 2099 (sonst
285 2054 366 2098 738)
392 2054 481 2090 Now
509 2056 528 2088 (5
556 2053 596 2097 (S.
624 2054 657 2088 S.
685 2055 705 2088 9
731 2053 772 2088 A,
798 2054 846 2098 4),
881 2053 1048 2088 wiihrend
1073 2053 1231 2098 Liudger
1258 2056 1330 2088 erst
1364 2065 1424 2088 uni
1452 2055 1519 2089 744
1544 2065 1605 2099 ge-

48 2113 158 2149 boren
183 2113 312 2148 wurde.
340 2133 382 2138 —
410 2114 446 2158 3)
473 2113 554 2157 Vgl.
582 2113 658 2147 vita
685 2112 850 2157 Gregorii
876 2124 904 2147 c.
933 2114 976 2148 14
1003 2113 1042 2157 (s.
1072 2113 1106 2148 S.
1135 2113 1179 2147 14
1204 2112 1246 2148 A.
1274 2114 1320 2158 1).

189 2173 226 2215 4)
252 2172 343 2206 Dass
368 2171 425 2206 die
451 2172 499 2205 hl.
526 2171 590 2206 Ida
616 2171 752 2206 damals
777 2172 884 2206 sehon
909 2171 1018 2213 lebte,
1053 2173 1102 2206 ist
1136 2172 1216 2206 sehr
1241 2172 1604 2214 unwahrscheinlich;

46 2230 113 2266 auf
135 2231 264 2266 keinen
289 2231 369 2265 Fan
396 2230 478 2265 aber
504 2231 637 2265 konnte
664 2232 713 2265 sie
741 2231 874 2266 Pathin
913 2230 972 2265 des
998 2231 1048 2265 hl.
1074 2230 1230 2274 Liudger
1255 2232 1343 2265 sein.

191 2290 226 2335 5)
252 2289 471 2331 Cincinnius,
499 2289 560 2324 der
578 2290 688 2324 selbst
713 2290 817 2325 einen
840 2290 984 2325 libellus
1010 2290 1249 2324 sermocinalis
1275 2289 1361 2324 iiber
1387 2289 1443 2324 die
1468 2290 1515 2324 hl.
1537 2289 1605 2325 Ida

49 2351 222 2387 verfasste
248 2351 289 2395 (s.
316 2351 372 2386 die
397 2351 636 2396 Einleitung)‚
663 2352 796 2386 kannte
823 2351 928 2386 deren
946 2352 1023 2386 vita
1049 2362 1117 2386 von
1135 2350 1259 2394 Uffing
1285 2349 1431 2393 (zuletzt
1457 2349 1529 2384 und
1546 2360 1604 2384 ani

47 2409 175 2446 besten
211 2410 502 2455 herausgegeben
540 2421 607 2445 von
647 2411 841 2446 Wihnans:
890 2410 1202 2446 Kaiscrurkunden
1239 2410 1516 2454 1.470-488);
1546 2409 1603 2445 die

47 2469 290 2504 Nachrichten
316 2469 436 2504 finden
461 2470 535 2505 sich
561 2471 610 2504 im
636 2471 840 2514 proemium.
867 2470 928 2505 lib.
957 2471 985 2504 Ι.
1013 2481 1041 2504 c.
1068 2471 1100 2505 2.
1127 2471 1159 2505 3.
1186 2469 1218 2505 5.
1246 2470 1276 2504 7.

192 2530 228 2574 6)
254 2529 421 2564 Herzfeld
447 2540 491 2563 an
518 2529 579 2563 der
604 2529 725 2573 Lippe.
775 2530 842 2564 Die
868 2540 978 2573 ganze
1005 2529 1127 2570 Stelle,
1154 2529 1223 2563 mit
1247 2528 1451 2563 Ausnahme
1477 2527 1537 2562 des
1561 2530 1604 2562 ut

48 2587 234 2629 credimus,
261 2589 311 2623 ist
336 2588 608 2632 aufgenommen
635 2599 702 2622 von
729 2588 863 2623 Witte:
889 2589 985 2623 Hist.
1012 2588 1256 2633 Westphaliae
1281 2588 1314 2622 S.
1343 2588 1422 2622 129.

191 2647 225 2691 7)
251 2646 305 2680 Im
331 2657 404 2691 cap.
433 2647 484 2681 lx
522 2649 613 2681 setzt
648 2646 708 2681 der
733 2646 828 2681 Verf.
857 2658 934 2681 zum
959 2647 1097 2681 Namen
1134 2647 1298 2681 Albricus
1335 2646 1461 2680 hinzu:
1499 2656 1603 2691 quem

48 2704 139 2739 alias
176 2705 346 2749 (namlich
384 2706 421 2739 in
459 2705 519 2740 der
552 2705 872 2747 Bischofschronik,
911 2705 1264 2751 Geschichtsquellen
1290 2706 1319 2741 Ι.
1346 2707 1381 2750 5)
1415 2705 1604 2739 Albertum

48 2763 222 2807 legimus;
259 2763 327 2798 den
352 2764 490 2798 Namen
515 2764 680 2799 Albi-icus
717 2765 830 2809 geben
856 2765 962 2799 sehon
988 2764 1144 2800 mehrere
1170 2765 1320 2800 Hdschr.
1347 2764 1408 2799 der
1434 2765 1510 2799 vita
1534 2764 1603 2800 ΙΙΙ.

49 2821 90 2867 (s.
117 2822 150 2857 S.
178 2823 222 2857 15
247 2834 282 2859 n.
307 2822 345 2867 b)
371 2825 465 2858 statt
490 2822 684 2865 Alubreht‚
719 2825 787 2858 mit
820 2823 899 2858 (16111
925 2823 1132 2859 Cincinnius
1158 2825 1221 2858 ihn
1247 2823 1420 2869 geradezu
1445 2823 1605 2858 identifi—

48 2881 129 2916 cirt.
157 2900 200 2906 -—
225 2882 261 2927 8)
287 2881 450 2926 Epistola
475 2881 630 2917 Rixfridi
659 2882 704 2916 ad
729 2894 755 2917 s.
782 2882 910 2927 Liudg.
937 2882 1100 2927 (Leibniz
1127 2883 1187 2919 SS.
1214 2884 1262 2918 II.
1289 2884 1382 2928 243).
