<?xml version="1.0" encoding="UTF-8"?>
<!DOCTYPE html PUBLIC "-//W3C//DTD XHTML 1.0 Transitional//EN"
    "http://www.w3.org/TR/xhtml1/DTD/xhtml1-transitional.dtd">
<html xmlns="http://www.w3.org/1999/xhtml" xml:lang="en" lang="en">
 <head>
  <title>
</title>
<meta http-equiv="Content-Type" content="text/html;charset=utf-8" />
  <meta name='ocr-system' content='tesseract 3.04.00' />
  <meta name='ocr-capabilities' content='ocr_page ocr_carea ocr_par ocr_line ocrx_word'/>
</head>
<body>
  <div class='ocr_page' id='page_1' title='image "./dievitaesanctili00altfuoft_0276.png"; bbox 0 0 1864 3213; ppageno 0'>
   <div class='ocr_carea' id='block_1_1' title="bbox 244 152 1384 209">
    <p class='ocr_par' dir='ltr' id='par_1_1' title="bbox 244 152 1384 209">
     <span class='ocr_line' id='line_1_1' title="bbox 244 152 1384 209; baseline -0.004 -11"><span class='ocrx_word' id='word_1_1' title='bbox 244 157 325 199; x_wconf 75' lang='lat'><strong>150</strong></span> <span class='ocrx_word' id='word_1_2' title='bbox 638 154 735 196; x_wconf 84' lang='lat' dir='ltr'><strong>Vita</strong></span> <span class='ocrx_word' id='word_1_3' title='bbox 765 154 912 209; x_wconf 85' lang='lat' dir='ltr'><strong>rythm.</strong></span> <span class='ocrx_word' id='word_1_4' title='bbox 955 166 985 196; x_wconf 84' lang='lat' dir='ltr'><strong>s.</strong></span> <span class='ocrx_word' id='word_1_5' title='bbox 1026 152 1221 208; x_wconf 84' lang='lat' dir='ltr'><strong>Liudgeri</strong></span> <span class='ocrx_word' id='word_1_6' title='bbox 1251 152 1320 195; x_wconf 83' lang='lat' dir='ltr'><strong>let.</strong></span> <span class='ocrx_word' id='word_1_7' title='bbox 1353 152 1384 194; x_wconf 91' lang='lat' dir='ltr'><strong>I.</strong></span> 
     </span>
    </p>
   </div>
   <div class='ocr_carea' id='block_1_2' title="bbox 291 270 1416 494">
    <p class='ocr_par' dir='ltr' id='par_1_2' title="bbox 291 270 1416 494">
     <span class='ocr_line' id='line_1_2' title="bbox 449 270 1166 316; baseline -0.004 -9"><span class='ocrx_word' id='word_1_8' title='bbox 449 272 543 316; x_wconf 84' lang='lat' dir='ltr'><strong>Ergo</strong></span> <span class='ocrx_word' id='word_1_9' title='bbox 569 271 803 307; x_wconf 74' lang='lat' dir='ltr'><strong>sanctissimis</strong></span> <span class='ocrx_word' id='word_1_10' title='bbox 829 270 982 305; x_wconf 88' lang='lat' dir='ltr'><strong>eiusdem</strong></span> <span class='ocrx_word' id='word_1_11' title='bbox 1009 270 1166 305; x_wconf 86' lang='lat' dir='ltr'><strong>consiliis</strong></span> 
     </span>
     <span class='ocr_line' id='line_1_3' title="bbox 521 329 1160 371; baseline -0.003 -5"><span class='ocrx_word' id='word_1_12' title='bbox 521 333 573 366; x_wconf 88' lang='lat' dir='ltr'><strong>ita</strong></span> <span class='ocrx_word' id='word_1_13' title='bbox 598 331 682 366; x_wconf 84' lang='lat' dir='ltr'><strong>navi</strong></span> <span class='ocrx_word' id='word_1_14' title='bbox 708 330 824 371; x_wconf 87' lang='lat' dir='ltr'><strong>datur,</strong></span> <span class='ocrx_word' id='word_1_15' title='bbox 850 330 923 365; x_wconf 85' lang='lat' dir='ltr'><strong>suis</strong></span> <span class='ocrx_word' id='word_1_16' title='bbox 948 332 990 364; x_wconf 89' lang='lat' dir='ltr'><strong>ut</strong></span> <span class='ocrx_word' id='word_1_17' title='bbox 1014 329 1160 364; x_wconf 86' lang='lat' dir='ltr'><strong>feratur.</strong></span> 
     </span>
     <span class='ocr_line' id='line_1_4' title="bbox 291 383 1416 433; baseline -0.002 -8"><span class='ocrx_word' id='word_1_18' title='bbox 291 383 388 425; x_wconf 70' lang='grc'>500.</span> <span class='ocrx_word' id='word_1_19' title='bbox 452 391 588 426; x_wconf 85' lang='lat' dir='ltr'><strong>Fluunt</strong></span> <span class='ocrx_word' id='word_1_20' title='bbox 613 392 698 425; x_wconf 86' lang='lat' dir='ltr'><strong>tunc</strong></span> <span class='ocrx_word' id='word_1_21' title='bbox 722 389 898 431; x_wconf 84' lang='lat' dir='ltr'>lacrimae,</span> <span class='ocrx_word' id='word_1_22' title='bbox 924 390 1067 424; x_wconf 84' lang='lat' dir='ltr'><strong>sanetae</strong></span> <span class='ocrx_word' id='word_1_23' title='bbox 1092 390 1240 433; x_wconf 85' lang='lat' dir='ltr'><strong>gemunt</strong></span> <span class='ocrx_word' id='word_1_24' title='bbox 1266 389 1416 430; x_wconf 84' lang='lat' dir='ltr'><strong>animae,</strong></span> 
     </span>
     <span class='ocr_line' id='line_1_5' title="bbox 520 449 1213 494; baseline -0.001 -9"><span class='ocrx_word' id='word_1_25' title='bbox 520 450 736 486; x_wconf 80' lang='lat' dir='ltr'>incumbitur</span> <span class='ocrx_word' id='word_1_26' title='bbox 762 449 862 490; x_wconf 88' lang='lat' dir='ltr'><strong>mari,</strong></span> <span class='ocrx_word' id='word_1_27' title='bbox 889 451 1097 494; x_wconf 78' lang='lat' dir='ltr'><strong>separantur</strong></span> <span class='ocrx_word' id='word_1_28' title='bbox 1122 449 1213 484; x_wconf 88' lang='lat' dir='ltr'><strong>cari:</strong></span> 
     </span>
    </p>
   </div>
   <div class='ocr_carea' id='block_1_3' title="bbox 291 509 1482 1694">
    <p class='ocr_par' dir='ltr' id='par_1_3' title="bbox 291 509 1482 1694">
     <span class='ocr_line' id='line_1_6' title="bbox 451 509 1402 561; baseline -0.003 -7"><span class='ocrx_word' id='word_1_29' title='bbox 451 513 569 554; x_wconf 88' lang='lat' dir='ltr'><strong>Remi</strong></span> <span class='ocrx_word' id='word_1_30' title='bbox 601 510 871 561; x_wconf 87' lang='lat' dir='ltr'><strong>submilitant‚</strong></span> <span class='ocrx_word' id='word_1_31' title='bbox 904 510 995 552; x_wconf 88' lang='lat' dir='ltr'><strong>vela</strong></span> <span class='ocrx_word' id='word_1_32' title='bbox 1026 522 1182 552; x_wconf 88' lang='lat' dir='ltr'><strong>sursum</strong></span> <span class='ocrx_word' id='word_1_33' title='bbox 1216 509 1402 560; x_wconf 64' lang='lat' dir='ltr'><strong>vomant,</strong></span> 
     </span>
     <span class='ocr_line' id='line_1_7' title="bbox 522 580 1326 625; baseline -0.004 -8"><span class='ocrx_word' id='word_1_34' title='bbox 522 582 596 617; x_wconf 92' lang='lat' dir='ltr'><strong>Deo</strong></span> <span class='ocrx_word' id='word_1_35' title='bbox 622 583 768 616; x_wconf 88' lang='lat' dir='ltr'><strong>ventum</strong></span> <span class='ocrx_word' id='word_1_36' title='bbox 794 580 913 622; x_wconf 86' lang='lat' dir='ltr'><strong>dante,</strong></span> <span class='ocrx_word' id='word_1_37' title='bbox 938 580 1012 615; x_wconf 90' lang='lat' dir='ltr'><strong>Deo</strong></span> <span class='ocrx_word' id='word_1_38' title='bbox 1037 581 1326 625; x_wconf 73' lang='lat' dir='ltr'><strong>prosperante.</strong></span> 
     </span>
     <span class='ocr_line' id='line_1_8' title="bbox 453 639 1327 685; baseline -0.003 -9"><span class='ocrx_word' id='word_1_39' title='bbox 453 642 510 676; x_wconf 87' lang='lat' dir='ltr'><strong>Sic</strong></span> <span class='ocrx_word' id='word_1_40' title='bbox 535 642 606 676; x_wconf 90' lang='lat' dir='ltr'><strong>cito</strong></span> <span class='ocrx_word' id='word_1_41' title='bbox 632 640 809 685; x_wconf 83' lang='lat' dir='ltr'>propriam</span> <span class='ocrx_word' id='word_1_42' title='bbox 838 641 1110 684; x_wconf 87' lang='lat' dir='ltr'><strong>pervenerunt</strong></span> <span class='ocrx_word' id='word_1_43' title='bbox 1135 639 1327 684; x_wconf 85' lang='lat' dir='ltr'><strong>patriam</strong></span> 
     </span>
     <span class='ocr_line' id='line_1_9' title="bbox 291 691 1274 735; baseline -0.001 -2"><span class='ocrx_word' id='word_1_44' title='bbox 291 691 389 733; x_wconf 80' lang='lat'>510.</span> <span class='ocrx_word' id='word_1_45' title='bbox 521 701 587 735; x_wconf 88' lang='lat' dir='ltr'><strong>Dei</strong></span> <span class='ocrx_word' id='word_1_46' title='bbox 613 702 650 735; x_wconf 90' lang='lat' dir='ltr'><strong>et</strong></span> <span class='ocrx_word' id='word_1_47' title='bbox 675 700 828 734; x_wconf 82' lang='lat' dir='ltr'><strong>electum</strong></span> <span class='ocrx_word' id='word_1_48' title='bbox 854 698 973 733; x_wconf 85' lang='lat' dir='ltr'><strong>ferunt</strong></span> <span class='ocrx_word' id='word_1_49' title='bbox 998 698 1035 732; x_wconf 88' lang='lat' dir='ltr'><strong>in</strong></span> <span class='ocrx_word' id='word_1_50' title='bbox 1062 698 1274 733; x_wconf 85' lang='lat' dir='ltr'><strong>Traiectum.</strong></span> 
     </span>
     <span class='ocr_line' id='line_1_10' title="bbox 453 757 1261 803; baseline -0.005 -8"><span class='ocrx_word' id='word_1_51' title='bbox 453 759 594 796; x_wconf 87' lang='lat' dir='ltr'><strong>Gaudet</strong></span> <span class='ocrx_word' id='word_1_52' title='bbox 619 758 810 803; x_wconf 85' lang='lat' dir='ltr'><strong>Gregorius</strong></span> <span class='ocrx_word' id='word_1_53' title='bbox 835 769 912 793; x_wconf 90' lang='lat' dir='ltr'><strong>cum</strong></span> <span class='ocrx_word' id='word_1_54' title='bbox 940 757 1063 792; x_wconf 88' lang='lat' dir='ltr'><strong>amicis</strong></span> <span class='ocrx_word' id='word_1_55' title='bbox 1089 757 1261 799; x_wconf 88' lang='lat' dir='ltr'><strong>omuibus,</strong></span> 
     </span>
     <span class='ocr_line' id='line_1_11' title="bbox 522 816 1217 861; baseline -0.006 -7"><span class='ocrx_word' id='word_1_56' title='bbox 522 819 652 854; x_wconf 79' lang='lat' dir='ltr'><strong>redisse</strong></span> <span class='ocrx_word' id='word_1_57' title='bbox 679 817 722 853; x_wconf 87' lang='lat' dir='ltr'><strong>ad</strong></span> <span class='ocrx_word' id='word_1_58' title='bbox 748 829 827 853; x_wconf 90' lang='lat' dir='ltr'><strong>eum</strong></span> <span class='ocrx_word' id='word_1_59' title='bbox 852 817 965 852; x_wconf 89' lang='lat' dir='ltr'><strong>filium</strong></span> <span class='ocrx_word' id='word_1_60' title='bbox 991 816 1217 861; x_wconf 80' lang='lat' dir='ltr'><strong>Liudgerum.</strong></span> 
     </span>
     <span class='ocr_line' id='line_1_12' title="bbox 453 877 1142 922; baseline -0.006 -8"><span class='ocrx_word' id='word_1_61' title='bbox 453 879 596 914; x_wconf 77' lang='lat' dir='ltr'><strong>Detulit</strong></span> <span class='ocrx_word' id='word_1_62' title='bbox 622 878 732 913; x_wconf 87' lang='lat' dir='ltr'><strong>etiam</strong></span> <span class='ocrx_word' id='word_1_63' title='bbox 757 877 946 912; x_wconf 86' lang='lat' dir='ltr'><strong>amabilem</strong></span> <span class='ocrx_word' id='word_1_64' title='bbox 972 877 1142 922; x_wconf 81' lang='lat' dir='ltr'><strong>copiam</strong></span> 
     </span>
     <span class='ocr_line' id='line_1_13' title="bbox 523 935 1392 980; baseline -0.002 -8"><span class='ocrx_word' id='word_1_65' title='bbox 523 948 664 973; x_wconf 88' lang='lat' dir='ltr'><strong>secum</strong></span> <span class='ocrx_word' id='word_1_66' title='bbox 690 937 891 972; x_wconf 89' lang='lat' dir='ltr'><strong>divinorum</strong></span> <span class='ocrx_word' id='word_1_67' title='bbox 921 936 1119 980; x_wconf 85' lang='lat' dir='ltr'><strong>Liudgerus</strong></span> <span class='ocrx_word' id='word_1_68' title='bbox 1144 935 1368 970; x_wconf 87' lang='lat' dir='ltr'><strong>librorum</strong></span> <span class='ocrx_word' id='word_1_69' title='bbox 1384 962 1392 977; x_wconf 89' lang='lat'><strong><em>‚</em></strong></span> 
     </span>
     <span class='ocr_line' id='line_1_14' title="bbox 293 988 1224 1042; baseline 0 -13"><span class='ocrx_word' id='word_1_70' title='bbox 293 988 392 1029; x_wconf 80' lang='lat'>515.</span> <span class='ocrx_word' id='word_1_71' title='bbox 455 997 711 1042; x_wconf 80' lang='lat' dir='ltr'><strong>Quantoque</strong></span> <span class='ocrx_word' id='word_1_72' title='bbox 736 996 855 1031; x_wconf 87' lang='lat' dir='ltr'><strong>anima</strong></span> <span class='ocrx_word' id='word_1_73' title='bbox 880 996 916 1031; x_wconf 88' lang='lat' dir='ltr'><strong>in</strong></span> <span class='ocrx_word' id='word_1_74' title='bbox 944 995 1067 1030; x_wconf 86' lang='lat' dir='ltr'><strong>divina</strong></span> <span class='ocrx_word' id='word_1_75' title='bbox 1093 995 1224 1040; x_wconf 80' lang='lat' dir='ltr'><strong>pagina</strong></span> 
     </span>
     <span class='ocr_line' id='line_1_15' title="bbox 525 1054 1323 1101; baseline -0.003 -10"><span class='ocrx_word' id='word_1_76' title='bbox 525 1057 594 1091; x_wconf 86' lang='lat' dir='ltr'><strong>viri</strong></span> <span class='ocrx_word' id='word_1_77' title='bbox 618 1056 697 1101; x_wconf 84' lang='lat' dir='ltr'><strong>plus</strong></span> <span class='ocrx_word' id='word_1_78' title='bbox 722 1055 865 1100; x_wconf 79' lang='lat' dir='ltr'><strong>agebat,</strong></span> <span class='ocrx_word' id='word_1_79' title='bbox 893 1057 1021 1090; x_wconf 89' lang='lat' dir='ltr'><strong>tanto</strong></span> <span class='ocrx_word' id='word_1_80' title='bbox 1047 1055 1125 1099; x_wconf 83' lang='lat' dir='ltr'><strong>plus</strong></span> <span class='ocrx_word' id='word_1_81' title='bbox 1150 1054 1323 1099; x_wconf 88' lang='lat' dir='ltr'><strong>placebat.</strong></span> 
     </span>
     <span class='ocr_line' id='line_1_16' title="bbox 455 1113 1299 1160; baseline -0.002 -10"><span class='ocrx_word' id='word_1_82' title='bbox 455 1114 653 1160; x_wconf 87' lang='lat' dir='ltr'><strong>Liudgerus</strong></span> <span class='ocrx_word' id='word_1_83' title='bbox 679 1115 793 1159; x_wconf 85' lang='lat' dir='ltr'><strong>igitur</strong></span> <span class='ocrx_word' id='word_1_84' title='bbox 818 1125 878 1159; x_wconf 88' lang='lat' dir='ltr'><strong>per</strong></span> <span class='ocrx_word' id='word_1_85' title='bbox 909 1114 1091 1150; x_wconf 82' lang='lat' dir='ltr'><strong>Christum</strong></span> <span class='ocrx_word' id='word_1_86' title='bbox 1118 1113 1299 1158; x_wconf 81' lang='lat' dir='ltr'><strong>dirigitur,</strong></span> 
     </span>
     <span class='ocr_line' id='line_1_17' title="bbox 526 1173 1322 1219; baseline -0.003 -9"><span class='ocrx_word' id='word_1_87' title='bbox 526 1186 634 1219; x_wconf 86' lang='lat' dir='ltr'><strong>agens</strong></span> <span class='ocrx_word' id='word_1_88' title='bbox 659 1174 751 1209; x_wconf 87' lang='lat' dir='ltr'><strong>bona</strong></span> <span class='ocrx_word' id='word_1_89' title='bbox 776 1185 911 1219; x_wconf 89' lang='lat' dir='ltr'><strong>semper</strong></span> <span class='ocrx_word' id='word_1_90' title='bbox 936 1174 1024 1209; x_wconf 91' lang='lat' dir='ltr'><strong>bene</strong></span> <span class='ocrx_word' id='word_1_91' title='bbox 1058 1176 1096 1209; x_wconf 87' lang='lat' dir='ltr'><strong>et</strong></span> <span class='ocrx_word' id='word_1_92' title='bbox 1120 1173 1322 1219; x_wconf 80' lang='lat' dir='ltr'><strong>prudenter.</strong></span> 
     </span>
     <span class='ocr_line' id='line_1_18' title="bbox 365 1233 1165 1279; baseline -0.003 -9"><span class='ocrx_word' id='word_1_93' title='bbox 365 1237 419 1271; x_wconf 85' lang='lat'><strong>11.</strong></span> <span class='ocrx_word' id='word_1_94' title='bbox 458 1234 589 1269; x_wconf 87' lang='lat' dir='ltr'><strong>Eodem</strong></span> <span class='ocrx_word' id='word_1_95' title='bbox 614 1236 770 1279; x_wconf 87' lang='lat' dir='ltr'><strong>tempore</strong></span> <span class='ocrx_word' id='word_1_96' title='bbox 795 1245 891 1269; x_wconf 89' lang='lat' dir='ltr'><strong>secus</strong></span> <span class='ocrx_word' id='word_1_97' title='bbox 917 1234 1003 1268; x_wconf 88' lang='lat' dir='ltr'><strong>fines</strong></span> <span class='ocrx_word' id='word_1_98' title='bbox 1028 1233 1165 1268; x_wconf 85' lang='lat' dir='ltr'><strong>Frisiae</strong></span> 
     </span>
     <span class='ocr_line' id='line_1_19' title="bbox 297 1284 1442 1339; baseline -0.003 -10"><span class='ocrx_word' id='word_1_99' title='bbox 297 1284 394 1326; x_wconf 74' lang='lat'>520·</span> <span class='ocrx_word' id='word_1_100' title='bbox 527 1294 582 1328; x_wconf 81' lang='lat' dir='ltr'><strong>vir</strong></span> <span class='ocrx_word' id='word_1_101' title='bbox 608 1293 787 1339; x_wconf 87' lang='lat' dir='ltr'><strong>quidam</strong></span> <span class='ocrx_word' id='word_1_102' title='bbox 814 1292 866 1328; x_wconf 88' lang='lat' dir='ltr'><strong>de</strong></span> <span class='ocrx_word' id='word_1_103' title='bbox 892 1293 954 1328; x_wconf 84' lang='lat' dir='ltr'><strong>An</strong></span> <span class='ocrx_word' id='word_1_104' title='bbox 968 1293 1055 1337; x_wconf 88' lang='lat' dir='ltr'><strong>glis</strong></span> <span class='ocrx_word' id='word_1_105' title='bbox 1080 1303 1169 1327; x_wconf 88' lang='lat' dir='ltr'><strong>nave</strong></span> <span class='ocrx_word' id='word_1_106' title='bbox 1194 1292 1282 1326; x_wconf 81' lang='lat' dir='ltr'><strong>litus</strong></span> <span class='ocrx_word' id='word_1_107' title='bbox 1308 1291 1442 1336; x_wconf 87' lang='lat' dir='ltr'><strong>tangit,</strong></span> 
     </span>
     <span class='ocr_line' id='line_1_20' title="bbox 458 1350 1368 1397; baseline -0.003 -9"><span class='ocrx_word' id='word_1_108' title='bbox 458 1353 653 1388; x_wconf 86' lang='lat' dir='ltr'><strong>Liefwinus</strong></span> <span class='ocrx_word' id='word_1_109' title='bbox 679 1353 867 1387; x_wconf 86' lang='lat' dir='ltr'><strong>nomine</strong></span> <span class='ocrx_word' id='word_1_110' title='bbox 892 1351 1131 1397; x_wconf 86' lang='lat' dir='ltr'><strong>presbiter</strong></span> <span class='ocrx_word' id='word_1_111' title='bbox 1143 1362 1209 1397; x_wconf 84' lang='lat' dir='ltr'><strong>que</strong></span> <span class='ocrx_word' id='word_1_112' title='bbox 1235 1350 1368 1393; x_wconf 79' lang='lat' dir='ltr'><strong>ordine,</strong></span> 
     </span>
     <span class='ocr_line' id='line_1_21' title="bbox 528 1411 1482 1457; baseline -0.003 -10"><span class='ocrx_word' id='word_1_113' title='bbox 528 1414 565 1447; x_wconf 89' lang='lat' dir='ltr'><strong>et</strong></span> <span class='ocrx_word' id='word_1_114' title='bbox 590 1423 650 1457; x_wconf 90' lang='lat' dir='ltr'><strong>per</strong></span> <span class='ocrx_word' id='word_1_115' title='bbox 676 1412 821 1447; x_wconf 86' lang='lat' dir='ltr'><strong>Jhesum</strong></span> <span class='ocrx_word' id='word_1_116' title='bbox 849 1411 1031 1447; x_wconf 87' lang='lat' dir='ltr'><strong>Christum</strong></span> <span class='ocrx_word' id='word_1_117' title='bbox 1057 1421 1092 1445; x_wconf 86' lang='lat' dir='ltr'><strong>se</strong></span> <span class='ocrx_word' id='word_1_118' title='bbox 1118 1411 1298 1445; x_wconf 83' lang='lat' dir='ltr'><strong>affirmans</strong></span> <span class='ocrx_word' id='word_1_119' title='bbox 1325 1411 1482 1452; x_wconf 82' lang='lat' dir='ltr'><strong>missum,</strong></span> 
     </span>
     <span class='ocr_line' id='line_1_22' title="bbox 460 1469 1427 1516; baseline -0.004 -9"><span class='ocrx_word' id='word_1_120' title='bbox 460 1472 528 1507; x_wconf 80' lang='lat' dir='ltr'><strong>Sed</strong></span> <span class='ocrx_word' id='word_1_121' title='bbox 553 1474 590 1507; x_wconf 86' lang='lat' dir='ltr'><strong>et</strong></span> <span class='ocrx_word' id='word_1_122' title='bbox 614 1482 675 1516; x_wconf 90' lang='lat' dir='ltr'><strong>per</strong></span> <span class='ocrx_word' id='word_1_123' title='bbox 700 1471 934 1506; x_wconf 91' lang='lat' dir='ltr'><strong>Dominum</strong></span> <span class='ocrx_word' id='word_1_124' title='bbox 960 1469 1114 1505; x_wconf 87' lang='lat' dir='ltr'><strong>dicens</strong></span> <span class='ocrx_word' id='word_1_125' title='bbox 1141 1472 1195 1505; x_wconf 89' lang='lat' dir='ltr'><strong>ter</strong></span> <span class='ocrx_word' id='word_1_126' title='bbox 1221 1470 1427 1514; x_wconf 87' lang='lat' dir='ltr'><strong>impositum</strong></span> 
     </span>
     <span class='ocr_line' id='line_1_23' title="bbox 529 1529 1290 1574; baseline -0.004 -8"><span class='ocrx_word' id='word_1_127' title='bbox 529 1532 566 1566; x_wconf 92' lang='lat' dir='ltr'><strong>in</strong></span> <span class='ocrx_word' id='word_1_128' title='bbox 591 1531 681 1566; x_wconf 84' lang='lat' dir='ltr'><strong>hanc</strong></span> <span class='ocrx_word' id='word_1_129' title='bbox 706 1531 887 1574; x_wconf 73' lang='lat' dir='ltr'><strong>regionem</strong></span> <span class='ocrx_word' id='word_1_130' title='bbox 912 1529 1003 1564; x_wconf 86' lang='lat' dir='ltr'><strong>ferre</strong></span> <span class='ocrx_word' id='word_1_131' title='bbox 1029 1540 1127 1564; x_wconf 89' lang='lat' dir='ltr'><strong>suum</strong></span> <span class='ocrx_word' id='word_1_132' title='bbox 1153 1540 1290 1564; x_wconf 87' lang='lat' dir='ltr'><strong>nomen.</strong></span> 
     </span>
     <span class='ocr_line' id='line_1_24' title="bbox 387 1588 1310 1633; baseline -0.004 -7"><span class='ocrx_word' id='word_1_133' title='bbox 387 1613 395 1621; x_wconf 87' lang='lat'><strong>·</strong></span> <span class='ocrx_word' id='word_1_134' title='bbox 457 1591 531 1626; x_wconf 88' lang='lat' dir='ltr'><strong>Iste</strong></span> <span class='ocrx_word' id='word_1_135' title='bbox 557 1589 848 1633; x_wconf 86' lang='lat' dir='ltr'><strong>Gregorium,</strong></span> <span class='ocrx_word' id='word_1_136' title='bbox 879 1591 929 1623; x_wconf 88' lang='lat' dir='ltr'><strong>ut</strong></span> <span class='ocrx_word' id='word_1_137' title='bbox 954 1588 1060 1623; x_wconf 86' lang='lat' dir='ltr'><strong>sein</strong></span> <span class='ocrx_word' id='word_1_138' title='bbox 1086 1588 1310 1623; x_wconf 87' lang='lat' dir='ltr'><strong>confinium</strong></span> 
     </span>
     <span class='ocr_line' id='line_1_25' title="bbox 530 1648 1443 1694; baseline -0.003 -10"><span class='ocrx_word' id='word_1_139' title='bbox 530 1649 667 1694; x_wconf 85' lang='lat' dir='ltr'><strong>dirigat</strong></span> <span class='ocrx_word' id='word_1_140' title='bbox 692 1649 970 1684; x_wconf 81' lang='lat' dir='ltr'><strong>Francorum</strong></span> <span class='ocrx_word' id='word_1_141' title='bbox 996 1650 1120 1692; x_wconf 86' lang='lat' dir='ltr'><strong>rogat</strong></span> <span class='ocrx_word' id='word_1_142' title='bbox 1145 1651 1182 1683; x_wconf 82' lang='lat' dir='ltr'><strong>et</strong></span> <span class='ocrx_word' id='word_1_143' title='bbox 1208 1648 1443 1689; x_wconf 84' lang='lat' dir='ltr'><strong>Saxonum,</strong></span> 
     </span>
    </p>
   </div>
   <div class='ocr_carea' id='block_1_4' title="bbox 301 1708 1515 2487">
    <p class='ocr_par' dir='ltr' id='par_1_4' title="bbox 301 1708 1515 2487">
     <span class='ocr_line' id='line_1_26' title="bbox 462 1708 1392 1764; baseline -0.004 -10"><span class='ocrx_word' id='word_1_144' title='bbox 462 1722 537 1764; x_wconf 75' lang='lat' dir='ltr'><strong>Qua</strong></span> <span class='ocrx_word' id='word_1_145' title='bbox 569 1721 669 1755; x_wconf 68' lang='lat'><strong>1512</strong></span> <span class='ocrx_word' id='word_1_146' title='bbox 701 1720 878 1755; x_wconf 82' lang='lat' dir='ltr'><strong>fluvius</strong></span> <span class='ocrx_word' id='word_1_147' title='bbox 909 1709 1116 1762; x_wconf 87' lang='lat' dir='ltr'><strong>utriusque</strong></span> <span class='ocrx_word' id='word_1_148' title='bbox 1149 1708 1392 1763; x_wconf 80' lang='lat' dir='ltr'><strong>contiguus1</strong></span> 
     </span>
     <span class='ocr_line' id='line_1_27' title="bbox 531 1779 1098 1821; baseline -0.004 -6"><span class='ocrx_word' id='word_1_149' title='bbox 531 1781 624 1821; x_wconf 81' lang='lat' dir='ltr'><strong>fluit,</strong></span> <span class='ocrx_word' id='word_1_150' title='bbox 651 1791 709 1814; x_wconf 91' lang='lat' dir='ltr'><strong>ore</strong></span> <span class='ocrx_word' id='word_1_151' title='bbox 734 1780 800 1814; x_wconf 89' lang='lat' dir='ltr'><strong>Dei</strong></span> <span class='ocrx_word' id='word_1_152' title='bbox 826 1779 1030 1814; x_wconf 87' lang='lat' dir='ltr'><strong>nominatus</strong></span> <span class='ocrx_word' id='word_1_153' title='bbox 1056 1779 1098 1814; x_wconf 84' lang='lat' dir='ltr'><strong>ei.</strong></span> 
     </span>
     <span class='ocr_line' id='line_1_28' title="bbox 461 1838 1250 1883; baseline -0.003 -9"><span class='ocrx_word' id='word_1_154' title='bbox 461 1839 559 1883; x_wconf 85' lang='lat' dir='ltr'><strong>Quod</strong></span> <span class='ocrx_word' id='word_1_155' title='bbox 584 1850 662 1874; x_wconf 79' lang='lat' dir='ltr'><strong>mox</strong></span> <span class='ocrx_word' id='word_1_156' title='bbox 688 1838 878 1883; x_wconf 86' lang='lat' dir='ltr'><strong>Gregorius</strong></span> <span class='ocrx_word' id='word_1_157' title='bbox 903 1838 976 1873; x_wconf 89' lang='lat' dir='ltr'><strong>Deo</strong></span> <span class='ocrx_word' id='word_1_158' title='bbox 1002 1838 1250 1873; x_wconf 88' lang='lat' dir='ltr'><strong>devotissimus</strong></span> 
     </span>
     <span class='ocr_line' id='line_1_29' title="bbox 301 1889 1164 1943; baseline -0.002 -10"><span class='ocrx_word' id='word_1_159' title='bbox 301 1889 398 1930; x_wconf 74' lang='lat'>530-</span> <span class='ocrx_word' id='word_1_160' title='bbox 532 1899 609 1933; x_wconf 87' lang='lat' dir='ltr'><strong>fieri</strong></span> <span class='ocrx_word' id='word_1_161' title='bbox 634 1909 694 1943; x_wconf 91' lang='lat' dir='ltr'><strong>per</strong></span> <span class='ocrx_word' id='word_1_162' title='bbox 719 1897 806 1932; x_wconf 86' lang='lat' dir='ltr'><strong>fidos</strong></span> <span class='ocrx_word' id='word_1_163' title='bbox 832 1900 998 1942; x_wconf 81' lang='lat' dir='ltr'><strong>satagens</strong></span> <span class='ocrx_word' id='word_1_164' title='bbox 1024 1898 1164 1938; x_wconf 80' lang='lat' dir='ltr'><strong>amicos,</strong></span> 
     </span>
     <span class='ocr_line' id='line_1_30' title="bbox 461 1956 1515 2002; baseline -0.001 -11"><span class='ocrx_word' id='word_1_165' title='bbox 461 1957 783 1992; x_wconf 87' lang='lat' dir='ltr'><strong>Marchelmum</strong></span> <span class='ocrx_word' id='word_1_166' title='bbox 809 1957 963 2002; x_wconf 85' lang='lat' dir='ltr'><strong>aliquem</strong></span> <span class='ocrx_word' id='word_1_167' title='bbox 989 1957 1120 1991; x_wconf 89' lang='lat' dir='ltr'><strong>misit</strong></span> <span class='ocrx_word' id='word_1_168' title='bbox 1156 1956 1302 2001; x_wconf 87' lang='lat' dir='ltr'><strong>probum</strong></span> <span class='ocrx_word' id='word_1_169' title='bbox 1328 1956 1515 1997; x_wconf 89' lang='lat' dir='ltr'><strong>hominem,</strong></span> 
     </span>
     <span class='ocr_line' id='line_1_31' title="bbox 536 2016 1267 2071; baseline -0.001 -12"><span class='ocrx_word' id='word_1_170' title='bbox 536 2018 600 2060; x_wconf 85' lang='lat' dir='ltr'><strong>cui</strong></span> <span class='ocrx_word' id='word_1_171' title='bbox 632 2018 718 2059; x_wconf 88' lang='lat' dir='ltr'><strong>erat</strong></span> <span class='ocrx_word' id='word_1_172' title='bbox 749 2018 864 2059; x_wconf 89' lang='lat' dir='ltr'><strong>notus</strong></span> <span class='ocrx_word' id='word_1_173' title='bbox 896 2017 1113 2071; x_wconf 86' lang='lat' dir='ltr'><strong>inquisitus</strong></span> <span class='ocrx_word' id='word_1_174' title='bbox 1144 2016 1267 2067; x_wconf 84' lang='lat' dir='ltr'><strong>Iocus,</strong></span> 
     </span>
     <span class='ocr_line' id='line_1_32' title="bbox 465 2086 1207 2131; baseline -0.003 -9"><span class='ocrx_word' id='word_1_175' title='bbox 465 2088 532 2130; x_wconf 83' lang='lat' dir='ltr'><strong>Qui</strong></span> <span class='ocrx_word' id='word_1_176' title='bbox 558 2090 594 2122; x_wconf 90' lang='lat' dir='ltr'><strong>et</strong></span> <span class='ocrx_word' id='word_1_177' title='bbox 621 2087 667 2122; x_wconf 87' lang='lat' dir='ltr'><strong>de</strong></span> <span class='ocrx_word' id='word_1_178' title='bbox 693 2086 855 2131; x_wconf 82' lang='lat' dir='ltr'><strong>Anglia</strong></span> <span class='ocrx_word' id='word_1_179' title='bbox 880 2086 1064 2122; x_wconf 86' lang='lat' dir='ltr'><strong>oriundus</strong></span> <span class='ocrx_word' id='word_1_180' title='bbox 1090 2087 1207 2131; x_wconf 83' lang='lat' dir='ltr'><strong>patria</strong></span> 
     </span>
     <span class='ocr_line' id='line_1_33' title="bbox 535 2146 1197 2192; baseline -0.002 -11"><span class='ocrx_word' id='word_1_181' title='bbox 535 2146 670 2182; x_wconf 80' lang='lat' dir='ltr'><strong>advena</strong></span> <span class='ocrx_word' id='word_1_182' title='bbox 696 2147 851 2192; x_wconf 83' lang='lat' dir='ltr'><strong>profecto</strong></span> <span class='ocrx_word' id='word_1_183' title='bbox 876 2146 948 2181; x_wconf 86' lang='lat' dir='ltr'><strong>fuit</strong></span> <span class='ocrx_word' id='word_1_184' title='bbox 972 2147 1009 2181; x_wconf 90' lang='lat' dir='ltr'><strong>in</strong></span> <span class='ocrx_word' id='word_1_185' title='bbox 1037 2147 1197 2181; x_wconf 89' lang='lat' dir='ltr'><strong>Traiecto</strong></span> 
     </span>
     <span class='ocr_line' id='line_1_34' title="bbox 303 2195 1279 2250; baseline 0.002 -13"><span class='ocrx_word' id='word_1_186' title='bbox 303 2195 400 2239; x_wconf 69' lang='lat'>505.</span> <span class='ocrx_word' id='word_1_187' title='bbox 461 2206 510 2240; x_wconf 67' lang='lat' dir='ltr'><strong>Et</strong></span> <span class='ocrx_word' id='word_1_188' title='bbox 535 2205 575 2240; x_wconf 77' lang='lat' dir='ltr'><strong>de</strong></span> <span class='ocrx_word' id='word_1_189' title='bbox 602 2205 786 2250; x_wconf 77' lang='lat' dir='ltr'><strong>discipulis</strong></span> <span class='ocrx_word' id='word_1_190' title='bbox 811 2205 1098 2240; x_wconf 67' lang='lat' dir='ltr'><strong>willibrordi</strong></span> <span class='ocrx_word' id='word_1_191' title='bbox 1129 2205 1279 2250; x_wconf 82' lang='lat' dir='ltr'><strong>presulis</strong></span> 
     </span>
     <span class='ocr_line' id='line_1_35' title="bbox 536 2264 1304 2310; baseline -0.001 -11"><span class='ocrx_word' id='word_1_192' title='bbox 536 2264 679 2310; x_wconf 89' lang='lat' dir='ltr'><strong>quidam</strong></span> <span class='ocrx_word' id='word_1_193' title='bbox 704 2267 741 2299; x_wconf 87' lang='lat' dir='ltr'><strong>et</strong></span> <span class='ocrx_word' id='word_1_194' title='bbox 767 2264 810 2299; x_wconf 89' lang='lat' dir='ltr'><strong>ab</strong></span> <span class='ocrx_word' id='word_1_195' title='bbox 836 2265 912 2309; x_wconf 86' lang='lat' dir='ltr'><strong>ipso</strong></span> <span class='ocrx_word' id='word_1_196' title='bbox 937 2265 1127 2299; x_wconf 85' lang='lat' dir='ltr'><strong>institutus</strong></span> <span class='ocrx_word' id='word_1_197' title='bbox 1153 2264 1304 2300; x_wconf 88' lang='lat' dir='ltr'><strong>Christo.</strong></span> 
     </span>
     <span class='ocr_line' id='line_1_36' title="bbox 465 2323 1297 2369; baseline -0.001 -10"><span class='ocrx_word' id='word_1_198' title='bbox 465 2323 605 2359; x_wconf 87' lang='lat' dir='ltr'><strong>Gaudet</strong></span> <span class='ocrx_word' id='word_1_199' title='bbox 630 2323 832 2368; x_wconf 83' lang='lat' dir='ltr'><strong>Gregorius,</strong></span> <span class='ocrx_word' id='word_1_200' title='bbox 857 2323 991 2367; x_wconf 88' lang='lat' dir='ltr'><strong>gaudet</strong></span> <span class='ocrx_word' id='word_1_201' title='bbox 1017 2324 1100 2369; x_wconf 88' lang='lat' dir='ltr'><strong>quia</strong></span> <span class='ocrx_word' id='word_1_202' title='bbox 1126 2324 1297 2358; x_wconf 87' lang='lat' dir='ltr'><strong>Dominus</strong></span> 
     </span>
     <span class='ocr_line' id='line_1_37' title="bbox 536 2382 1396 2428; baseline -0.002 -10"><span class='ocrx_word' id='word_1_203' title='bbox 536 2383 748 2418; x_wconf 85' lang='lat' dir='ltr'><strong>visitavit</strong></span> <span class='ocrx_word' id='word_1_204' title='bbox 773 2385 918 2427; x_wconf 83' lang='lat' dir='ltr'><strong>gentem</strong></span> <span class='ocrx_word' id='word_1_205' title='bbox 944 2382 995 2417; x_wconf 89' lang='lat' dir='ltr'><strong>ad</strong></span> <span class='ocrx_word' id='word_1_206' title='bbox 1022 2394 1057 2418; x_wconf 92' lang='lat' dir='ltr'><strong>se</strong></span> <span class='ocrx_word' id='word_1_207' title='bbox 1083 2385 1396 2428; x_wconf 82' lang='lat' dir='ltr'><strong>pertinentem,</strong></span> 
     </span>
     <span class='ocr_line' id='line_1_38' title="bbox 466 2443 1098 2487; baseline -0.002 -10"><span class='ocrx_word' id='word_1_208' title='bbox 466 2443 557 2477; x_wconf 88' lang='lat' dir='ltr'><strong>Nam</strong></span> <span class='ocrx_word' id='word_1_209' title='bbox 583 2443 637 2477; x_wconf 82' lang='lat' dir='ltr'><strong>sui</strong></span> <span class='ocrx_word' id='word_1_210' title='bbox 664 2443 807 2478; x_wconf 82' lang='lat' dir='ltr'><strong>termini</strong></span> <span class='ocrx_word' id='word_1_211' title='bbox 835 2443 908 2477; x_wconf 87' lang='lat' dir='ltr'><strong>sive</strong></span> <span class='ocrx_word' id='word_1_212' title='bbox 933 2443 1098 2487; x_wconf 84' lang='lat' dir='ltr'><strong>episcopii</strong></span> 
     </span>
    </p>
   </div>
   <div class='ocr_carea' id='block_1_5' title="bbox 298 1581 382 1624">
    <p class='ocr_par' dir='ltr' id='par_1_5' title="bbox 298 1581 382 1624">
     <span class='ocr_line' id='line_1_39' title="bbox 298 1582 323 1624; textangle 90"><span class='ocrx_word' id='word_1_213' title='bbox 298 1582 323 1624; x_wconf 75' lang='lat'><strong>0¹</strong></span> 
     </span>
     <span class='ocr_line' id='line_1_40' title="bbox 329 1582 353 1622; textangle 90"><span class='ocrx_word' id='word_1_214' title='bbox 329 1582 353 1622; x_wconf 66' lang='lat'><strong>10</strong></span> 
     </span>
     <span class='ocr_line' id='line_1_41' title="bbox 358 1581 382 1623; textangle 90"><span class='ocrx_word' id='word_1_215' title='bbox 358 1581 382 1623; x_wconf 66' lang='lat'><strong>01</strong></span> 
     </span>
    </p>
   </div>
   <div class='ocr_carea' id='block_1_6' title="bbox 261 2493 1803 2703">
    <p class='ocr_par' dir='ltr' id='par_1_6' title="bbox 261 2493 1803 2703">
     <span class='ocr_line' id='line_1_42' title="bbox 308 2493 1261 2547; baseline 0.003 -14"><span class='ocrx_word' id='word_1_216' title='bbox 308 2493 405 2533; x_wconf 68' lang='lat'>540.</span> <span class='ocrx_word' id='word_1_217' title='bbox 537 2502 619 2543; x_wconf 82' lang='lat' dir='ltr'><strong>fuit,</strong></span> <span class='ocrx_word' id='word_1_218' title='bbox 647 2512 714 2547; x_wconf 86' lang='lat' dir='ltr'><strong>quo</strong></span> <span class='ocrx_word' id='word_1_219' title='bbox 739 2501 865 2537; x_wconf 86' lang='lat' dir='ltr'><strong>beatus</strong></span> <span class='ocrx_word' id='word_1_220' title='bbox 892 2502 945 2536; x_wconf 89' lang='lat' dir='ltr'><strong>vir</strong></span> <span class='ocrx_word' id='word_1_221' title='bbox 970 2505 1025 2536; x_wconf 82' lang='lat' dir='ltr'><strong>est</strong></span> <span class='ocrx_word' id='word_1_222' title='bbox 1051 2501 1261 2537; x_wconf 81' lang='lat' dir='ltr'><strong>destinatus.</strong></span> 
     </span>
     <span class='ocr_line' id='line_1_43' title="bbox 398 2606 1799 2652; baseline -0.002 -8"><span class='ocrx_word' id='word_1_223' title='bbox 398 2609 476 2644; x_wconf 79' lang='lat'>503.</span> <span class='ocrx_word' id='word_1_224' title='bbox 502 2619 590 2644; x_wconf 77' lang='lat' dir='ltr'><strong>corr.</strong></span> <span class='ocrx_word' id='word_1_225' title='bbox 618 2620 684 2643; x_wconf 71' lang='lat' dir='ltr'><strong>aas</strong></span> <span class='ocrx_word' id='word_1_226' title='bbox 701 2608 944 2642; x_wconf 84' lang='lat' dir='ltr'><strong>sanctissimus</strong></span> <span class='ocrx_word' id='word_1_227' title='bbox 964 2607 1000 2641; x_wconf 38' lang='lat' dir='ltr'><strong>T(</strong></span> <span class='ocrx_word' id='word_1_228' title='bbox 1023 2627 1064 2631; x_wconf 90' lang='lat'><strong>—</strong></span> <span class='ocrx_word' id='word_1_229' title='bbox 1092 2607 1169 2641; x_wconf 83' lang='lat'>515.</span> <span class='ocrx_word' id='word_1_230' title='bbox 1198 2617 1286 2641; x_wconf 79' lang='lat' dir='ltr'><strong>corr.</strong></span> <span class='ocrx_word' id='word_1_231' title='bbox 1315 2618 1381 2641; x_wconf 75' lang='lat' dir='ltr'><strong>(ms</strong></span> <span class='ocrx_word' id='word_1_232' title='bbox 1406 2618 1462 2652; x_wconf 88' lang='lat' dir='ltr'><strong>qu.</strong></span> <span class='ocrx_word' id='word_1_233' title='bbox 1481 2607 1558 2651; x_wconf 88' lang='lat' dir='ltr'><strong>plus</strong></span> <span class='ocrx_word' id='word_1_234' title='bbox 1584 2607 1738 2641; x_wconf 86' lang='lat' dir='ltr'><strong>animam</strong></span> <span class='ocrx_word' id='word_1_235' title='bbox 1759 2606 1799 2641; x_wconf 83' lang='lat' dir='ltr'><strong>T.</strong></span> 
     </span>
     <span class='ocr_line' id='line_1_44' title="bbox 261 2665 1803 2703; baseline -0.001 -1"><span class='ocrx_word' id='word_1_236' title='bbox 261 2688 303 2692; x_wconf 92' lang='grc'>-</span> <span class='ocrx_word' id='word_1_237' title='bbox 329 2669 408 2703; x_wconf 79' lang='lat'>5:20.</span> <span class='ocrx_word' id='word_1_238' title='bbox 434 2678 522 2703; x_wconf 83' lang='lat' dir='ltr'><strong>corr.</strong></span> <span class='ocrx_word' id='word_1_239' title='bbox 552 2668 615 2702; x_wconf 72' lang='lat' dir='ltr'><strong>wie</strong></span> <span class='ocrx_word' id='word_1_240' title='bbox 640 2678 675 2702; x_wconf 80' lang='lat' dir='ltr'><strong>es</strong></span> <span class='ocrx_word' id='word_1_241' title='bbox 700 2668 832 2702; x_wconf 73' lang='lat' dir='ltr'><strong>scheint</strong></span> <span class='ocrx_word' id='word_1_242' title='bbox 858 2678 924 2701; x_wconf 70' lang='lat' dir='ltr'><strong>aas</strong></span> <span class='ocrx_word' id='word_1_243' title='bbox 949 2667 1054 2700; x_wconf 85' lang='lat' dir='ltr'><strong>litum</strong></span> <span class='ocrx_word' id='word_1_244' title='bbox 1083 2666 1121 2700; x_wconf 83' lang='lat' dir='ltr'><strong>T.</strong></span> <span class='ocrx_word' id='word_1_245' title='bbox 1162 2685 1204 2690; x_wconf 94' lang='lat'><strong>—</strong></span> <span class='ocrx_word' id='word_1_246' title='bbox 1241 2666 1318 2700; x_wconf 72' lang='lat'>526.</span> <span class='ocrx_word' id='word_1_247' title='bbox 1346 2665 1520 2700; x_wconf 85' lang='lat' dir='ltr'><strong>Saxonum</strong></span> <span class='ocrx_word' id='word_1_248' title='bbox 1557 2676 1624 2702; x_wconf 79' lang='lat' dir='ltr'><strong>von</strong></span> <span class='ocrx_word' id='word_1_249' title='bbox 1650 2666 1803 2701; x_wconf 62' lang='grc' dir='ltr'><strong>ειη-(ἶπον</strong></span> 
     </span>
    </p>
   </div>
   <div class='ocr_carea' id='block_1_7' title="bbox 260 2724 1239 2768">
    <p class='ocr_par' dir='ltr' id='par_1_7' title="bbox 260 2724 1239 2768">
     <span class='ocr_line' id='line_1_45' title="bbox 260 2724 1239 2768; baseline -0.003 -7"><span class='ocrx_word' id='word_1_250' title='bbox 260 2727 375 2761; x_wconf 73' lang='lat' dir='ltr'><strong>Hand</strong></span> <span class='ocrx_word' id='word_1_251' title='bbox 404 2726 440 2761; x_wconf 85' lang='lat' dir='ltr'><strong>T.</strong></span> <span class='ocrx_word' id='word_1_252' title='bbox 474 2747 517 2750; x_wconf 90' lang='lat'><strong>—</strong></span> <span class='ocrx_word' id='word_1_253' title='bbox 544 2727 622 2761; x_wconf 89' lang='lat'>531.</span> <span class='ocrx_word' id='word_1_254' title='bbox 649 2737 737 2762; x_wconf 76' lang='lat' dir='ltr'><strong>corr.</strong></span> <span class='ocrx_word' id='word_1_255' title='bbox 764 2727 848 2768; x_wconf 72' lang='lat' dir='ltr'><strong>(aas</strong></span> <span class='ocrx_word' id='word_1_256' title='bbox 872 2724 1171 2768; x_wconf 82' lang='lat' dir='ltr'><strong>Marchelinum&#39;?)</strong></span> <span class='ocrx_word' id='word_1_257' title='bbox 1201 2725 1239 2759; x_wconf 89' lang='lat' dir='ltr'><strong>T.</strong></span> 
     </span>
    </p>
   </div>
   <div class='ocr_carea' id='block_1_8' title="bbox 301 2800 539 2804">
    <p class='ocr_par' dir='ltr' id='par_1_8' title="bbox 301 2800 539 2804">
     <span class='ocr_line' id='line_1_46' title="bbox 301 2800 539 2804; baseline 0 0"><span class='ocrx_word' id='word_1_258' title='bbox 301 2800 539 2804; x_wconf 95' lang='lat' dir='ltr'><strong> </strong></span> 
     </span>
    </p>
   </div>
   <div class='ocr_carea' id='block_1_9' title="bbox 262 2841 1803 2949">
    <p class='ocr_par' dir='ltr' id='par_1_9' title="bbox 262 2841 1803 2949">
     <span class='ocr_line' id='line_1_47' title="bbox 404 2841 1803 2890; baseline -0.001 -11"><span class='ocrx_word' id='word_1_259' title='bbox 404 2845 437 2890; x_wconf 85' lang='lat'><strong>1)</strong></span> <span class='ocrx_word' id='word_1_260' title='bbox 462 2844 687 2885; x_wconf 80' lang='lat' dir='ltr'><strong>Iri-tiimlich,</strong></span> <span class='ocrx_word' id='word_1_261' title='bbox 726 2843 770 2878; x_wconf 84' lang='lat' dir='ltr'><strong>da</strong></span> <span class='ocrx_word' id='word_1_262' title='bbox 796 2844 884 2878; x_wconf 88' lang='lat' dir='ltr'><strong>auch</strong></span> <span class='ocrx_word' id='word_1_263' title='bbox 919 2843 980 2878; x_wconf 83' lang='lat' dir='ltr'><strong>das</strong></span> <span class='ocrx_word' id='word_1_264' title='bbox 1014 2842 1247 2878; x_wconf 83' lang='lat' dir='ltr'><strong>unmittelbar</strong></span> <span class='ocrx_word' id='word_1_265' title='bbox 1272 2842 1336 2877; x_wconf 84' lang='lat' dir='ltr'><strong>auf</strong></span> <span class='ocrx_word' id='word_1_266' title='bbox 1357 2842 1434 2877; x_wconf 87' lang='lat' dir='ltr'><strong>dem</strong></span> <span class='ocrx_word' id='word_1_267' title='bbox 1460 2843 1603 2878; x_wconf 85' lang='lat' dir='ltr'><strong>rechten</strong></span> <span class='ocrx_word' id='word_1_268' title='bbox 1630 2841 1715 2877; x_wconf 86' lang='lat' dir='ltr'><strong>Ufer</strong></span> <span class='ocrx_word' id='word_1_269' title='bbox 1739 2842 1803 2877; x_wconf 88' lang='lat' dir='ltr'><strong>lie-</strong></span> 
     </span>
     <span class='ocr_line' id='line_1_48' title="bbox 262 2902 1464 2949; baseline 0 -11"><span class='ocrx_word' id='word_1_270' title='bbox 262 2903 374 2949; x_wconf 74' lang='lat' dir='ltr'><strong>gende</strong></span> <span class='ocrx_word' id='word_1_271' title='bbox 401 2903 529 2938; x_wconf 86' lang='lat' dir='ltr'><strong>Gebiet</strong></span> <span class='ocrx_word' id='word_1_272' title='bbox 554 2903 621 2938; x_wconf 81' lang='lat' dir='ltr'><strong>den</strong></span> <span class='ocrx_word' id='word_1_273' title='bbox 646 2902 789 2938; x_wconf 87' lang='lat' dir='ltr'><strong>Friesen</strong></span> <span class='ocrx_word' id='word_1_274' title='bbox 814 2902 1000 2948; x_wconf 82' lang='lat' dir='ltr'><strong>beziiglich</strong></span> <span class='ocrx_word' id='word_1_275' title='bbox 1025 2902 1089 2937; x_wconf 73' lang='lat' dir='ltr'><strong>den</strong></span> <span class='ocrx_word' id='word_1_276' title='bbox 1118 2902 1279 2937; x_wconf 84' lang='lat' dir='ltr'><strong>Franken</strong></span> <span class='ocrx_word' id='word_1_277' title='bbox 1306 2902 1464 2946; x_wconf 66' lang='lat' dir='ltr'><strong>geherte.</strong></span> 
     </span>
    </p>
   </div>
  </div>
 </body>
</html>
