1801 3213
666 139 749 181 Das
780 138 975 194 Privileg.
1519 137 1604 180 287

48 254 256 292 clarissimis
282 256 380 289 ortus
405 254 589 289 natalibus
602 256 614 274 1
639 257 723 289 ante
743 256 966 300 episcopatus
991 255 1046 290 sui
1064 257 1235 299 tempora,
1261 253 1345 289 dum
1372 256 1534 299 quereret
1560 255 1606 289 in

49 313 318 351 hereditate
369 315 520 358 paterna
576 324 652 348 coe
667 313 882 348 nobiuma
931 316 1202 349 construere
1251 313 1605 354 monacliorum‘2,

49 377 124 418 hoe
155 374 217 416 est
247 373 300 415 ad
331 373 461 415 ostiab
493 373 628 415 Rheni
659 373 838 415 fluminis
856 375 885 425 3,
928 387 966 419 et
1006 385 1044 420 in
1086 385 1183 419 alioc
1224 384 1316 426 loco,
1358 384 1419 429 qui
1462 386 1606 419 vocatur

49 442 410 484 withmundid⁴‚
446 445 484 478 et
520 443 562 478 ob
588 443 747 478 futura
772 446 858 478 tunc
883 444 1053 489 temporis
1078 443 1409 478 Nordmannorume
1433 443 1528 478 mala
1553 454 1607 478 re-

49 504 211 539 velatum
236 503 270 537 ei
296 502 420 544 essetf,
447 502 567 537 inibi⁵
591 513 662 537 non
687 513 788 547 posse
813 503 910 545 fieri,
949 503 1102 538 divino
1136 503 1355 537 novissimeg
1379 502 1518 537 oraculo
1544 512 1607 537 no-

48 575 216 610 minatim
242 573 302 608 eih
327 574 531 608 insinuatus
557 574 631 608 esti
657 571 752 608 lo'cus
777 574 815 608 in
842 574 945 615 silva,
981 576 1081 617 quae
1122 563 1272 605 dicitur
1304 561 1604 613 Wenaswaldk‚

48 633 171 679 supral
197 633 310 677 ripam
335 632 504 671 fluminis,
530 631 623 677 quod
649 635 794 667 vocatur
819 633 958 674 Rura,
985 633 1032 667 in
1058 633 1194 668 inculto
1221 632 1334 668 adhue
1353 635 1390 668 et
1414 633 1606 668 saltuoso

48 693 150 728 loco.
198 691 308 726 Neem
333 701 431 725 mora
456 702 559 726 mane
585 690 680 726 facto
706 691 822 726 laetus
856 694 1080 737 properat
1113 691 1164 726 ad
1188 692 1329 727 locum
1366 692 1512 727 caelesti
1537 691 1607 727 sibi

47 751 182 787 indicio
207 750 451 794 designatum,
477 753 515 785 et
539 750 584 785 ab
609 751 734 785 incolis
760 752 797 785 et
826 751 1014 786 heredibus
1049 752 1188 796 patriae
1224 751 1352 786 illiusn
1376 752 1514 795 partem
1540 749 1607 785 ali-

49 829 183 868 quam0
201 820 416 856 hereditatis
439 820 548 855 data
573 823 700 856 terra
724 821 848 856 aliap
867 822 1147 867 comparavit
1163 811 1416 866 perrexitque
1433 811 1607 854 Romam

50 883 302 925 tractaturus
333 881 382 923 de
413 881 488 923 hoc
518 881 604 935 ipso
637 894 728 923 cum
759 882 993 924 beatissimo
1023 895 1128 935 papa
1160 883 1290 924 Leone
1307 883 1335 925 ⁶.

49 951 120 995 Qui
144 951 434 995 intelligens
462 952 537 986 vel
563 962 613 986 ex
639 962 745 986 serm
756 963 792 986 o—
864 952 1035 998 Quiqueq
1059 953 1175 988 sancti
1214 953 1283 987 viri
1309 951 1427 987 studio
1453 951 1606 997 diligen-

48 1010 186 1045 nibus
204 1010 300 1045 eius
327 1010 397 1045 vel
419 1010 608 1055 Spiritu
625 1013 791 1045 sancto
864 1013 920 1046 ter
944 1013 1126 1056 perspecto
1151 1019 1212 1046 acr
1244 1011 1390 1047 laudato
1414 1012 1606 1057 proposito,

48 1070 316 1111 revelante,
359 1069 465 1115 quid
501 1070 548 1103 in
585 1080 628 1104 se
666 1080 792 1104 sanc·
864 1069 1060 1105 donavit

50 1130 126 1163 tae
152 1128 440 1163 intentionis
465 1139 505 1163 ac
523 1128 636 1163 studii
661 1128 792 1164 habe-

49 1189 136 1229 ret,
162 1187 208 1222 in
234 1198 351 1223 amore
377 1190 414 1223 et
438 1198 592 1232 magno
618 1188 792 1223 honore

51 1257 147 1281 eum
173 1246 337 1281 habuit
364 1245 651 1292 donavitque

48 1305 132 1340 illi
157 1306 425 1340 Salvatoris
462 1306 619 1340 nostri
660 1306 882 1350 reliquias
920 1307 965 1340 et
1004 1308 1197 1341 sanctae
1231 1306 1315 1340 Dei
1341 1306 1605 1350 genitricis

50 1376 219 1425 Mariae
245 1387 307 1411 nec
333 1387 401 1411 non
427 1380 490 1412 etS
522 1366 758 1407 (lUOdeCimt
791 1377 1049 1421 apostolorum,
1088 1380 1129 1411 ut
1175 1378 1220 1411 in
1259 1387 1395 1412 eorum
1436 1377 1605 1413 honore

50 1436 397 1478 monasterium,
424 1436 536 1481 quod
562 1435 760 1477 dixerat,
788 1437 1115 1472 construereturffl.

49 1495 218 1530 Exiens
244 1498 397 1530 autem
424 1495 471 1530 de
497 1496 630 1530 Roma
656 1496 792 1530 Bene-

51 1556 234 1589 ventum
259 1554 406 1600 petiit
433 1556 477 1589 et
502 1555 546 1588 in
571 1558 794 1590 monaste-

51 1613 120 1648 rio
181 1614 342 1663 sancti.
397 1613 646 1648 Benedicti
712 1614 792 1648 ali-

51 1675 226 1717 quanto
252 1675 455 1717 tempore
487 1672 701 1707 liberiori
728 1684 795 1708 va-

51 1731 242 1766 catione
267 1732 460 1773 mansit,
479 1734 520 1766 ut
545 1731 695 1767 beatae
713 1743 794 1767 cou-

52 1791 266 1825 versationis
292 1787 480 1825 or'dinern
499 1792 793 1836 conspiceret

52 1850 90 1883 et
114 1851 259 1884 sanctae
292 1850 390 1884 vitae
424 1849 625 1884 disceret
660 1849 795 1884 disci-

193 1974 210 1993 2
234 1966 477 2002 caenobiolum
502 1967 644 2003 Ficker.
674 1986 717 1991 —
742 1966 760 1992 b
785 1966 905 2001 hostia
930 1966 978 2001 A.
998 1986 1043 1991 —
1068 1974 1083 1993 0
1108 1966 1136 2011 f.
1162 1966 1242 2002 Sch.
1270 1987 1313 1991 —
1339 1966 1357 1993 d
1381 1966 1609 2003 withmundi

50 2025 97 2061 H
101 2039 115 2070 ,-
137 2025 268 2061 Widm.
293 2026 445 2069 Ficker5
470 2026 592 2061 Witm.
612 2026 692 2062 Sch.
713 2045 756 2050 —-
781 2033 796 2052 e
822 2026 960 2060 Nortm.
986 2026 1120 2061 Ficker
1135 2037 1172 2061 u.
1191 2025 1272 2062 Sch.
1299 2046 1343 2051 --
1367 2026 1383 2052 f
1403 2025 1523 2061 fuerat
1548 2028 1608 2062 lib.

46 2086 146 2130 priv.
173 2104 214 2109 —-
243 2092 261 2118 g
284 2095 365 2120 nov.
391 2084 463 2120 div.
489 2087 627 2130 libyn.
654 2105 698 2109 —
722 2085 742 2111 11
766 2095 859 2119 nom.
885 2085 918 2119 ei
943 2085 969 2128 f.
994 2085 1128 2130 liupr.
1157 2104 1200 2109 ——
1225 2084 1344 2120 iMsc.
1370 2085 1427 2120 II.
1446 2088 1492 2120 12
1517 2096 1544 2121 s.
1563 2086 1610 2120 h:

52 2145 97 2180 ei.
124 2164 168 2169 —
192 2144 211 2170 k
237 2143 454 2179 Wenaswalt
487 2146 546 2181 lib.
569 2157 643 2190 pm
676 2144 847 2179 Wenesw.
874 2144 979 2188 Sch.‚·
1015 2143 1256 2179 Weneswaldt
1280 2144 1372 2180 Msc.
1396 2145 1454 2180 II.
1479 2147 1535 2180 12.
1564 2164 1608 2169 -

52 2203 63 2229 l
87 2213 191 2248 super
215 2204 275 2239 lib.
296 2215 358 2248 pr.
385 2225 430 2229 —
454 2212 482 2230 m
508 2204 566 2239 .11.
581 2216 614 2239 a.
633 2204 680 2239 R.
705 2204 752 2239 A.
780 2224 824 2228 —
849 2212 867 2230 ¹1
892 2204 972 2239 Sch.
997 2214 1025 2239 ε.
1050 2205 1095 2239 h.-
1119 2206 1216 2239 ante.
1242 2224 1287 2228 —
1312 2211 1328 2230 0
1354 2204 1399 2240 al.
1422 2215 1456 2249 p.
1473 2205 1606 2249 lib.pr.

54 2283 99 2288 —
123 2270 141 2296 Ρ
165 2264 192 2307 f.
220 2264 280 2298 lib.
301 2275 362 2308 pr.
390 2284 434 2288 —-
460 2272 477 2297 q
502 2264 571 2307 Qui
596 2263 691 2298 idem
716 2264 808 2299 Μεο.
833 2264 889 2298 ΙΙ.
918 2266 974 2298 12.
1001 2283 1045 2287 -
1070 2271 1084 2290 ¹·
1108 2266 1146 2298 et
1171 2263 1252 2299 Sch.
1270 2282 1314 2287 —
1341 2271 1354 2290 S
1379 2263 1407 2307 f.
1433 2263 1525 2299 BIsc.
1551 2263 1608 2298 II.

51 2325 109 2358 12.
135 2342 180 2347 -
204 2323 217 2349 t
241 2322 324 2357 XII.
351 2324 412 2358 lib.
434 2335 496 2368 pr.
524 2344 567 2348 —
592 2330 611 2349 ¹1
636 2325 898 2358 consecraretur
922 2322 1002 2360 Sch.

196 2467 231 2508 1)
257 2465 340 2510 Vgl.
366 2465 444 2500 vita
468 2465 536 2500 ΠΙ.
563 2475 590 2499 c.
621 2466 652 2500 1.
687 2484 731 2489 -—-
764 2465 800 2510 2)
826 2465 914 2500 Vita
938 2464 967 2499 Ι.
993 2475 1021 2499 c.
1047 2465 1105 2500 21.
1133 2483 1177 2488 —
1203 2464 1238 2509 3)
1264 2463 1346 2508 Vgl.
1374 2463 1451 2498 vita
1475 2462 1607 2509 rythm.

52 2522 81 2558 Ι.
108 2523 176 2559 801
202 2534 236 2559 u.
262 2524 366 2559 Anm.
394 2544 437 2548 —
462 2525 498 2569 4)
527 2524 614 2559 Vita
638 2524 688 2559 ΙΙ.
715 2535 742 2559 c.
769 2525 835 2565 28;
862 2525 939 2559 vita
964 2524 1033 2559 ΙΙΙ.
1061 2535 1088 2558 c.
1116 2524 1170 2558 25.

195 2582 231 2628 5)
257 2583 393 2627 Wegen
419 2582 479 2618 des
511 2582 905 2618 Normanneneinfalles
938 2581 1009 2627 gab
1045 2581 1202 2626 Liudger
1235 2593 1302 2617 nur
1328 2580 1385 2616 die
1410 2590 1467 2615 am
1491 2580 1610 2616 Meere

53 2641 223 2686 geplante
248 2642 553 2686 Klosterstiftung
579 2642 666 2686 (ng.
694 2642 772 2677 vita
796 2642 864 2677 III.
891 2653 918 2676 c.
946 2642 1018 2687 25).
1053 2641 1122 2676 Die
1147 2641 1277 2676 Kirche
1303 2651 1371 2676 von
1396 2639 1610 2674 Wichmund

53 2700 172 2736 wurde
197 2711 259 2736 vor
284 2701 363 2735 dem
387 2701 550 2746 Beginne
575 2701 635 2736 des
661 2701 796 2736 XVHI.
823 2701 947 2736 Jahrb.
975 2700 1084 2735 durch
1117 2701 1196 2735 eine
1228 2699 1610 2744 Ueberschwemmung

53 2758 116 2795 der
141 2760 243 2796 Yssel
267 2762 418 2796 zerstort
443 2761 554 2805 (Hist.
579 2761 728 2806 episcop.
755 2760 1028 2795 Daventriensis
1053 2771 1086 2805 p.
1114 2759 1208 2804 100).

196 2819 232 2864 6)
258 2819 340 2863 vgl.
368 2819 446 2854 vita
471 2819 603 2865 rythm.
629 2819 659 2854 Ι.
687 2820 754 2856 780
767 2819 803 2854 ff.
829 2819 901 2854 und
926 2820 994 2854 689
1011 2818 1047 2854 ff.
1074 2817 1180 2853 nebst
1205 2816 1274 2853 den
1298 2817 1402 2853 Anm.

198 2878 234 2923 7)
259 2878 347 2914 Vita
371 2878 420 2915 Π.
446 2889 475 2914 c.
502 2879 557 2914 13.
