1864 3213
418 167 517 209 Vita
549 168 699 222 rythm.
742 181 773 209 s.
807 168 1001 223 Liudgeri
1040 169 1110 211 let.
1143 169 1174 210 Ι.

108 321 117 331 .
184 326 192 335 .
229 297 400 344 Pippin
427 298 513 331 tunc
550 296 719 340 temporis
747 297 814 326 I'GX
846 296 939 331 Fan
954 307 1104 331 corum
1136 296 1240 337 obiit,

77 643 97 684 1
106 642 173 684 70.

63 972 160 1015 175.

63 1279 157 1321 180.

59 1623 156 1666 185.

60 1920 80 1961 1
89 1920 156 1962 90.

57 2214 154 2256 195.

148 2378 226 2413 165.
253 2380 339 2414 iiber
363 2389 440 2413 rex:
467 2377 535 2412 dux
562 2378 603 2412 T.
639 2397 683 2402 —
710 2378 785 2413 184.
813 2378 1032 2422 Wirisingus
1070 2390 1160 2414 corr.
1189 2378 1231 2414 T.
1269 2397 1312 2402 -—
1356 2378 1433 2413 187.
1469 2377 1567 2413 hunc

299 369 337 402 in
374 366 545 401 Karolum
582 357 811 409 magnuml
844 366 1051 402 hereditans
1078 378 1238 412 regnum,

230 427 321 480 Qui,
355 426 539 481 quamvis
573 426 743 476 iuvenis,
778 427 911 467 mente
943 429 1080 469 tamen
1112 429 1246 470 senuit

295 511 364 552 per
397 496 665 551 sagacitatem
698 497 841 538 notans
875 510 1076 539 summum
1109 499 1280 551 patrem,

231 568 346 611 Unde
379 568 419 610 et
451 567 600 608 meruit
631 579 817 621 regnum,
851 567 954 620 quod
985 568 1065 610 iam
1099 570 1244 621 tenuit,

304 651 476 693 regnum
507 651 578 691 per
608 639 810 679 terrenum
844 638 1069 681 intraturus
1102 641 1231 682 celum
1251 642 1277 683 2.

228 710 306 763 Qui
336 711 488 751 Romae
521 709 692 763 gloriam
726 709 838 750 auxit
869 722 939 762 per
972 711 1198 763 victoriam,

296 791 447 827 subdens
479 780 516 821 Oi
547 792 712 834 gentes
739 801 894 836 quasque
920 793 1140 828 resistentes.

226 852 358 886 Inter
371 850 506 895 quas3
532 860 692 893 asperam
718 849 927 893 subiugavit
953 850 1168 893 Frisiam‚

297 908 614 944 Willibrordus
641 909 781 954 quando
807 909 912 943 fulsit
937 910 1197 954 predicand0‚

223 970 291 1012 Qui
316 969 392 1013 ipso
418 970 575 1012 tempore
602 979 707 1013 quam
742 968 859 1012 plures
885 968 1075 1003 Fresoniae

294 1028 474 1063 dedicavit
500 1027 641 1062 Christo
666 1026 734 1062 fide
761 1030 797 1061 et
822 1027 1012 1072 baptismo.

225 1089 346 1122 Tunc
373 1087 589 1133 episcopii
614 1086 743 1121 sedes
769 1087 863 1130 cepit
889 1087 980 1130 erigi

294 1148 396 1189 Reni
428 1159 473 1192 in
501 1158 717 1193 Traiecto
748 1147 891 1189 Karoli
923 1149 1110 1201 precepto
1127 1150 1154 1192 4.

220 1218 319 1253 Inter
346 1228 432 1262 quae
460 1216 622 1257 diximus,
649 1227 752 1252 senex
777 1217 1004 1252 beatissimus

292 1277 512 1312 seniorem
538 1279 665 1311 natum
690 1275 777 1311 fecit
802 1277 1042 1320 coniugatum,

223 1349 249 1383 T
261 1360 278 1383 r
289 1360 330 1383 es
342 1349 356 1368 ⁵
382 1359 519 1393 quoque
551 1348 643 1382 filias
674 1336 878 1378 nObilibuS
905 1347 1053 1382 dederat

294 1409 343 1450 de
376 1409 595 1450 Fresonum
628 1408 750 1462 gent-e
776 1418 919 1453 Christo
947 1419 1019 1453 iam
1045 1418 1221 1455 credente.

222 1480 334 1522 Tunc
366 1479 415 1520 ad
448 1478 638 1520 noticiam
673 1478 737 1520 vel
770 1479 948 1532 regalem
982 1479 1155 1533 gloriam

295 1550 461 1605 gloriosi
491 1549 601 1604 regis
634 1549 885 1604 Wirisingns
918 1550 1041 1602 venit,

219 1621 285 1657 Cui
310 1633 369 1656 rex
394 1621 533 1664 regium
559 1620 609 1655 de
625 1620 696 1654 dit
719 1620 999 1655 beneficium

290 1682 328 1716 in
354 1681 533 1715 affinitate
558 1680 678 1724 gentis
703 1679 882 1714 Frisiacae

220 1740 248 1774 E
264 1743 280 1775 t
306 1741 416 1774 sicin
443 1739 621 1785 propriam
647 1739 740 1774 hunc
766 1738 945 1773 direxit
969 1739 1184 1783 patriam,

289 1802 330 1834 ut
355 1799 591 1845 predicatores
617 1798 754 1834 Christi
779 1798 998 1833 adiuvaret.

220 1859 320 1902 Quod
345 1859 406 1895 ille
432 1858 566 1893 faciens
590 1857 703 1892 bonus
721 1858 775 1892 vir
801 1860 838 1892 et
863 1857 1003 1902 sapiens

289 1916 638 1952 Willibrordum
663 1917 760 1952 iuvit
785 1928 901 1952 secum
928 1918 965 1951 et
991 1927 1085 1951 cum
1111 1916 1223 1952 suis:

217 1977 363 2013 Etenim
389 1977 578 2011 veniens
604 1977 641 2011 et
666 1977 860 2022 propria
885 1975 1043 2012 residens

289 2037 334 2071 in
367 2035 637 2071 hereditate
671 2035 767 2080 regis
792 2036 929 2080 pietate

218 2094 388 2130 Manebat
412 2095 551 2140 proprie
576 2094 616 2128 10
627 2105 643 2129 c
653 2105 672 2129 o
699 2095 860 2129 Suahsna
892 2095 1044 2137 nornine,

288 2154 330 2189 iu
342 2166 362 2189 x
372 2156 388 2188 t
399 2166 419 2188 a
445 2165 548 2199 quam
577 2153 605 2188 Τ
616 2165 632 2188 r
643 2165 663 2188 a
674 2154 686 2188 i
697 2165 714 2188 e
725 2156 767 2189 ct
777 2165 799 2188 11
809 2165 845 2188 111
872 2153 1024 2188 diximus
1049 2153 1242 2199 inceptum.

216 2225 293 2267 His,
314 2214 418 2256 Sicut
451 2213 639 2264 diximus,
665 2235 685 2258 a
696 2223 772 2258 diu
785 2226 801 2259 t
812 2235 855 2259 or
879 2223 1071 2259 fidissimus

287 2295 378 2319 cum
404 2284 528 2318 amicis
554 2284 678 2318 suis6
704 2283 934 2318 Willibrordo
959 2283 1042 2325 fnit,

1493 171 1576 214 141

4 2446 74 2472 von
99 2437 281 2473 der-selben
305 2437 426 2473 Hand
449 2438 538 2473 uber
561 2437 624 2472 der
648 2437 746 2472 Zeile
773 2438 813 2472 T.
841 2457 884 2462 -
912 2438 990 2473 193.
1016 2438 1152 2473 scheint
1176 2448 1267 2473 corr.
1295 2448 1361 2472 aas
1386 2437 1561 2478 suahsma,

2 2505 94 2531 corr.
119 2496 161 2531 in
186 2497 343 2530 sualisna
372 2496 411 2531 T.

145 2614 179 2659 1)
206 2614 278 2648 Der
302 2614 453 2650 Dichter
478 2614 708 2649 verwechselt
744 2613 809 2649 den
837 2614 1022 2649 mittier-en
1050 2613 1179 2659 Pippin
1206 2614 1275 2648 mit
1301 2614 1379 2649 ¹iem
1402 2612 1561 2659 jiingern

2 2671 76 2707 und
100 2672 188 2707 Kar]
213 2673 358 2708 Mai-tell
384 2673 453 2708 mit
477 2673 566 2708 Karl
584 2673 663 2708 dem
690 2673 852 2708 Grossen.

145 2732 180 2776 2)
206 2732 320 2766 Kurze
346 2732 426 2766 Zeit
451 2732 541 2766 nach
567 2731 627 2767 der
661 2731 866 2776 Abfassung
892 2731 952 2767 der
986 2733 1064 2767 vita
1097 2731 1215 2767 wurde
1250 2732 1342 2767 1165
1367 2731 1560 2767 December

3 2789 50 2824 23
74 2789 131 2825 die
156 2790 410 2826 Canonisation
435 2791 541 2826 Karls
578 2791 638 2826 des
676 2791 828 2827 Grossen
866 2802 933 2826 von
960 2791 1081 2826 Seiten
1109 2790 1169 2826 des
1200 2790 1466 2837 Gegenpapstes
1491 2791 1560 2826 Pa-

3 2847 133 2884 schalis
157 2850 226 2885 III.
251 2850 447 2895 vollzogen.

144 2909 181 2954 3)
207 2908 294 2944 Vita
318 2909 347 2945 1.
375 2920 403 2944 c.
415 2910 450 2945 4.
466 2929 510 2934 —
535 2909 572 2954 4)
587 2908 621 2944 S.
641 2909 675 2945 S.
695 2910 716 2946 9
734 2910 775 2944 A.
797 2911 829 2945 2.
849 2930 891 2935 —
911 2910 945 2955 5)
965 2910 1051 2944 Vita
1070 2909 1098 2944 I.
1118 2919 1145 2945 c.
1164 2910 1196 2945 ὃ.
1216 2929 1259 2934 --
1279 2910 1313 2955 6)
1328 2908 1421 2945 Vita.v
1437 2909 1466 2944 I.
1481 2919 1510 2945 c.
1522 2908 1559 2944 4.
