1801 3213
113 849 182 891 20.

114 1203 183 1247 25.

116 2187 187 2229 40.

524 96 622 138 Vita
654 96 823 139 metrica
855 108 888 138 s.
920 95 1130 151 Liudgeri.
1518 95 1600 138 251

263 212 439 267 Pingere
470 212 715 266 pontificem,
755 225 830 266 quo
862 212 1113 255 scintillante
1145 211 1293 254 reluxit

264 283 433 335 Patria,
452 296 528 337 quo
559 283 656 326 vicii
687 295 828 326 nemus
858 283 1085 337 extirpante
1116 282 1252 325 suavis

264 353 490 396 Ecclesiam
522 354 709 407 perflavit
740 353 858 404 0d0r;
891 354 1049 407 spineta
1080 354 1236 404 rosetis,

265 424 431 467 Urticae
462 424 580 466 violis
612 425 840 474 cesserunt;
873 424 963 466 lilia
995 424 1141 476 dumis,

263 494 485 537 Triticeum
516 494 611 537 lolio
647 507 822 550 granum
853 495 1012 537 mutata
1043 495 1248 550 leguntur.

266 565 402 618 Ortus,
437 565 609 618 Christe,
641 567 735 608 tuus
767 567 910 609 vernat
949 566 1165 620 specialius
1197 566 1333 608 autem

266 637 418 679 Nostra
448 637 742 680 Monasterium
773 638 883 689 urbs,
915 638 1030 680 tanto
1062 636 1233 678 fundata
1264 636 1443 690 patrono,

265 707 432 750 Presule
463 707 573 750 clara
604 707 746 762 vigens
779 707 948 758 medico,
980 708 1139 761 pastore
1170 708 1353 750 venusta.

265 778 369 830 Heu,
403 778 555 829 miseri,
587 792 658 820 cur
689 791 767 820 non
800 779 986 820 volumus
1017 778 1249 820 meminisse
1283 778 1378 832 diei,

265 848 352 901 Quo
384 862 455 891 nos
486 849 557 891 ille
589 849 673 892 Deo
706 849 880 904 genuit?
912 849 1159 901 meminisse,
1192 849 1338 903 quibus
1370 861 1440 892 nos

264 920 439 963 Diviciis
470 920 700 974 pariterque
732 919 950 962 honoribus
982 920 1128 961 extulit
1159 921 1244 973 ipse

266 990 373 1033 Vilis
405 1003 606 1046 egensque
638 991 750 1033 sibi?
789 1003 859 1033 nos
891 991 992 1042 dico,
1026 992 1171 1044 quibus
1203 991 1436 1033 ceciderunt

266 1061 333 1104 Sic
365 1062 408 1102 in
437 1062 658 1115 praeclaris
690 1063 819 1114 funes,
854 1063 899 1104 ut
929 1062 1067 1104 abesse
1099 1074 1313 1116 queramus

265 1133 361 1176 Jam
392 1133 519 1175 nichil
552 1134 726 1187 excepto,
760 1133 846 1175 sine
879 1146 953 1186 quo
986 1133 1115 1175 nichil
1148 1133 1295 1183 omnia,
1328 1132 1501 1174 Christo.

266 1204 352 1246 Hoc
384 1203 482 1246 duce
515 1216 632 1258 carpo
664 1204 773 1246 viam
792 1205 820 1254 1,
853 1205 974 1257 caput
1006 1204 1130 1258 erigo,
1163 1205 1293 1246 metra
1324 1216 1496 1255 resumo,

266 1274 345 1327 Qui
377 1275 535 1317 meritis
566 1275 828 1329 precibusque
861 1275 924 1317 sui
955 1275 1056 1316 mihi
1089 1274 1263 1316 scribere
1294 1274 1426 1316 sancti

266 1346 360 1397 Det,
394 1346 498 1400 quod
531 1346 567 1388 ei
598 1346 759 1388 laudem
799 1346 944 1399 pariat,
977 1345 1099 1388 michi
1134 1357 1226 1387 vero
1258 1345 1444 1387 salutem.

221 1455 229 1463 .
268 1427 474 1463 Extremum
502 1427 689 1463 claudente
715 1428 820 1466 diem,
850 1430 926 1470 qUO
957 1417 1130 1458 Francia
1159 1416 1282 1458 faelix

267 1487 433 1542 Sceptra
465 1489 627 1530 tenente
659 1488 752 1539 fuit,
784 1498 957 1543 Pyppino,
984 1498 1084 1542 regia
1109 1498 1224 1543 proles

267 1569 456 1612 Karoiusss,
483 1572 552 1601 arx
583 1559 689 1610 fidei,
723 1559 878 1612 patriae
911 1560 1038 1612 petra,
1073 1571 1149 1612 pax
1182 1558 1405 1612 regionum,

268 1629 366 1684 Spes
397 1631 561 1684 inopum
593 1630 761 1672 baculus
793 1630 1002 1681 confracti,
1042 1630 1157 1684 virga
1190 1629 1406 1680 latronum,

269 1701 500 1756 Sceptriger
531 1701 732 1756 egregius,
765 1713 882 1757 patrio
909 1712 1076 1746 successit
1101 1712 1242 1753 honori;

267 1772 336 1806 Hic
360 1772 484 1806 inter
508 1771 637 1816 plures,
663 1782 811 1816 regnum
839 1771 966 1816 quibus
992 1771 1134 1812 extulit,
1161 1782 1239 1805 oras

267 1831 374 1866 Ferre
399 1831 524 1874 iugum
549 1830 631 1865 fidei
657 1829 777 1865 docuit
802 1832 850 1872 te,
876 1824 1035 1864 Fri'sia
1051 1857 1058 1871 ,
1085 1829 1230 1864 tandem

267 1890 497 1925 Extincto
523 1889 730 1924 Rabodone
757 1891 839 1924 tuo:
866 1900 932 1934 quo
959 1900 1041 1933 rege
1068 1888 1130 1923 sub
1157 1889 1233 1934 ipso

270 1949 408 1985 Gentili
433 1949 583 1994 gentilis
609 1960 686 1984 eras
712 1949 910 1993 cultrixque
936 1948 1091 1990 deorum,

268 2007 391 2044 Cordis
416 2009 528 2054 inops,
555 2008 669 2043 oblita
694 2008 772 2050 Dei,
798 2009 890 2043 male
917 2007 1069 2049 credula,
1097 2007 1205 2042 donec

269 2067 443 2102 Justitiae
469 2067 639 2112 prebente
665 2068 760 2102 viam
786 2066 855 2102 tibi
881 2067 965 2107 sole,
991 2066 1057 2101 sub
1083 2066 1150 2101 alis

269 2126 416 2171 Imperii
442 2138 577 2161 summo
604 2126 766 2161 didicisti
792 2127 910 2161 vivere
936 2126 1032 2170 regi:

269 2187 426 2229 Extunc
457 2187 657 2229 Saxonum
690 2187 801 2241 leges
833 2188 874 2228 et
905 2187 994 2228 iura
1026 2185 1223 2228 tenendae

270 2257 392 2312 Legis
425 2258 685 2312 euangelicae
718 2258 791 2299 sub
823 2257 1004 2311 principe
1037 2257 1239 2299 cernimus
1271 2268 1361 2299 uno.

202 2386 258 2420 16.
285 2389 371 2421 statt
395 2386 536 2421 autem:
562 2387 647 2419 ante
672 2384 768 2420 Hds.
806 2405 849 2409 —
888 2385 943 2419 17.
969 2383 1053 2418 urbs
1078 2385 1104 2428 f.
1132 2384 1226 2419 Hcls.
1255 2403 1298 2408 ——
1334 2384 1390 2418 21.
1416 2383 1551 2428 pariter
1576 2385 1613 2419 et

59 2444 153 2480 Hds.
180 2464 223 2469 -
259 2444 315 2480 35.
340 2443 485 2479 Rabodo
510 2444 659 2478 ultimus
685 2454 744 2478 rex
771 2443 884 2486 Frisie
909 2443 981 2477 fuit
1007 2455 1039 2478 α.
1066 2443 1111 2478 R.
1141 2443 1235 2478 Ηώς.
1270 2462 1315 2468 -
1352 2443 1409 2478 40.
1449 2442 1612 2478 Lucanus

59 2503 178 2548 longis
213 2505 250 2538 et
287 2503 383 2538 leves
419 2503 571 2538 Saxones
609 2504 647 2538 in
681 2504 789 2538 armis
821 2515 854 2538 α.
881 2503 926 2537 R.
954 2503 1049 2538 Ηώς.
1078 2523 1121 2527 -
1154 2504 1211 2538 41.
1238 2502 1403 2537 Frisones
1428 2502 1552 2547 tangit
1577 2514 1611 2538 a.

59 2563 106 2598 R.
131 2561 227 2598 Has.

203 2716 237 2761 1)
263 2716 388 2751 Horat.
415 2716 524 2750 Satir.
551 2715 599 2750 II.
628 2717 659 2760 6,
687 2717 742 2750 93.

201 2775 238 2819 2)
264 2774 539 2818 Verwechslung
564 2774 671 2809 Kar-Is
709 2774 769 2809 des
808 2772 958 2808 Grossen
996 2774 1065 2808 mit
1101 2773 1188 2808 Karl
1226 2773 1371 2808 Martell
1399 2773 1462 2808 wie
1489 2773 1524 2807 in
1552 2772 1613 2807 der

60 2832 138 2868 vita
164 2833 296 2878 rythm.
323 2833 386 2868 let.
412 2833 441 2868 I.
469 2844 500 2867 v.
528 2833 595 2868 165
609 2832 644 2868 ff.
