1864 3213
222 189 309 232 142
624 187 722 228 Vita
752 186 904 241 rythm.
946 198 978 227 s.
1012 184 1206 239 Liudgeri
1242 184 1312 228 let.
1343 184 1376 226 Ι.

437 303 539 339 Unde
566 305 603 338 et
628 303 779 337 maxime
805 302 898 336 hunc
923 303 960 336 et
985 301 1214 336 obnixissime

506 362 662 397 antistes
685 361 812 396 beatus
838 360 910 395 fuit
935 362 1124 395 veneratus

436 423 611 475 Eiusque
643 421 781 463 sedulo
813 433 907 462 usus
940 421 1002 462 est
1032 419 1223 473 hospicio,

270 494 372 536 200,
506 492 658 527 invicem
685 490 826 524 collatis
851 490 956 525 rebus
981 490 1200 525 sanctitatis.

437 551 505 586 Hic
530 550 728 595 spiritalia,
755 550 817 584 ille
843 549 1037 594 corporalia

507 609 732 644 ministravit
756 610 928 652 prompte,
954 608 1028 642 Deo
1054 607 1285 649 concedente3

436 669 574 704 Dilexit
598 667 777 702 hominem
802 667 921 712 presul
946 666 1185 701 venerabilem

509 727 547 761 in
572 728 609 761 te
635 726 746 761 Jhesu
779 725 932 767 Christe,
960 728 1225 761 conversantem
1251 727 1358 760 caste.

274 788 375 830 205,
439 787 507 829 Qui
533 787 571 820 in
597 785 795 820 virtutibus
821 784 903 819 dum
929 785 1075 820 summis
1100 785 1286 820 obtutibus

507 844 664 890 undique
690 844 856 889 placeret,
882 843 1040 889 undique
1059 845 1220 886 clareret,

439 905 597 939 Vocante
624 904 775 938 Domino
802 904 899 938 vexit
925 903 967 937 de
992 903 1057 938 hoc
1082 903 1197 938 seculo

508 974 730 1008 possessurus
756 962 877 997 datam
903 963 1060 1007 requiem
1086 962 1239 997 beatam.

442 1023 651 1065 Venerunt
683 1023 836 1065 concite
868 1022 944 1063 filii
977 1023 1016 1063 et
1047 1022 1155 1064 filiae

286 1095 387 1136 210.
516 1094 568 1136 ad
601 1094 893 1147 exequiandnm
925 1095 1081 1147 patrem
1123 1094 1411 1143 venerandum,

441 1164 596 1206 Quorum
621 1163 760 1198 familia
785 1165 881 1198 omni
907 1174 1043 1207 semper
1068 1163 1187 1197 anima

514 1222 704 1266 satagebat
731 1222 868 1257 cunctis
894 1222 1099 1257 ministrare
1125 1223 1278 1264 sanctis3

442 1282 561 1316 Patris
588 1281 744 1325 vestigia
770 1281 939 1316 incedunt
964 1282 1200 1323 sanctissima,

515 1340 617 1375 illum
644 1343 891 1382 memorantes,
917 1341 1020 1375 illum
1045 1341 1245 1381 imitantes,

282 1400 382 1443 215,
445 1399 546 1434 Unde
571 1401 868 1434 sanctissimum
896 1401 1009 1434 virum
1036 1399 1320 1434 Bonifacium

514 1462 743 1504 susceperunt
768 1471 855 1504 pura
881 1460 1051 1494 karitatis
1077 1470 1170 1493 cura.

447 1515 514 1559 Qui
541 1519 665 1553 sicut
691 1519 909 1563 legitur¹‚
937 1518 1206 1553 willibrordum
1239 1518 1410 1563 sequitur,

516 1588 638 1611 amans
664 1580 706 1612 ut
731 1588 767 1612 se
793 1578 906 1622 ipsum
934 1577 1104 1612 Fresones
1128 1579 1209 1622 post
1235 1576 1434 1617 Cllristuni;

446 1635 666 1680 Quapropter
690 1637 832 1678 meruit,
859 1638 950 1671 sicut
975 1637 1071 1671 Deus
1096 1636 1223 1677 voluit,

284 1695 384 1738 220,
517 1706 578 1739 per
604 1695 858 1730 confessionem
884 1698 1044 1730 sanctam
1069 1696 1286 1740 passionem;

447 1753 538 1788 Nam
564 1754 651 1789 fecit
675 1754 826 1789 Frisiam
865 1765 926 1799 per
962 1754 1122 1789 divinam
1147 1755 1304 1798 graciam

518 1815 647 1856 totam
679 1828 778 1868 pene
810 1837 931 1860 verum
956 1825 1095 1860 credere
1120 1825 1157 1859 in
1183 1825 1307 1866 Deum,

448 1884 497 1918 Et
522 1895 583 1929 pro
610 1885 674 1919 hoc
700 1896 802 1929 opere
828 1887 882 1919 est
918 1886 1068 1919 occissus
1093 1885 1297 1929 Dogginge‚

519 1943 709 1978 Fresoniae
736 1945 810 1978 loco
836 1945 977 1978 nomine
1003 1944 1067 1978 hoc
1092 1946 1187 1978 noto.

296 2003 397 2045 225.
449 2003 526 2045 His
560 2003 681 2045 dictis
712 2005 824 2046 taceo
857 2004 906 2045 de
938 2005 1012 2046 hoc
1044 2003 1254 2046 Bonifacio

522 2075 776 2128 revertorque
808 2075 900 2126 fari,
934 2075 1039 2116 unde
1071 2073 1270 2116 inchoavi.

379 2144 413 2178 4.
450 2144 562 2178 Post
587 2145 739 2189 patris
767 2144 941 2179 obitum
969 2143 1285 2188 Thiedgrimus
1312 2143 1368 2178 vel
1393 2142 1588 2177 transitum

521 2203 589 2237 Dei
615 2214 676 2248 per
702 2204 867 2238 timorem
892 2204 993 2238 venit
1018 2203 1063 2238 ad
1092 2202 1299 2237 uxoremss.

450 2261 523 2296 Nec
549 2263 689 2304 signum
709 2262 834 2304 defuit,
862 2264 945 2307 quia
970 2263 1067 2296 nasci
1093 2261 1229 2303 debuit,

288 2321 387 2364 230,
520 2321 615 2355 Deus
642 2321 732 2366 quod
760 2323 906 2363 amavit,
933 2324 1124 2366 antequam
1154 2321 1297 2355 creavit.

451 2380 563 2423 Virgo
590 2391 695 2424 quam
722 2380 881 2422 duxerat,
909 2382 1132 2425 antequam
1159 2379 1227 2413 lac
1253 2381 1421 2419 suxerat,

526 2442 617 2473 esset
642 2439 832 2474 interfecta
857 2440 944 2473 mire
970 2440 1008 2474 ni
1034 2440 1175 2483 ercpta3

453 2498 544 2532 Nam
563 2499 638 2532 eius
656 2509 676 2532 a
689 2499 762 2532 via
789 2498 910 2533 dolens
929 2509 1005 2532 cum
1025 2497 1163 2532 insania

525 2558 639 2601 proles
665 2559 749 2591 nato
776 2558 895 2591 nullas
921 2558 1017 2591 nasci
1044 2558 1080 2591 ni
1107 2556 1253 2600 puellas,

385 2663 465 2697 201.
491 2663 671 2706 spiritalia
698 2674 787 2698 corr.
816 2663 855 2697 T.
884 2681 927 2686 —-
961 2663 1040 2696 223.
1068 2661 1249 2706 dogginge
1287 2663 1351 2697 mit
1375 2662 1565 2696 clmzlclerer
1592 2659 1695 2696 Time
1719 2658 1799 2695 und

241 2722 309 2757 mit
331 2724 511 2767 yrosserer
537 2722 675 2765 Schreft
701 2722 739 2756 T.
769 2741 812 2746 —
839 2722 917 2756 232.
946 2720 1135 2755 interfecta
1161 2732 1250 2756 corr.
1281 2721 1320 2755 Τ.

389 2864 424 2901 1)
451 2863 543 2897 sicut
569 2863 605 2897 in
632 2862 754 2897 libello
782 2861 823 2896 de
842 2862 918 2896 vita
948 2862 1059 2906 ipsius
1090 2861 1293 2896 Willibrodi
1320 2862 1492 2908 scriptum
1518 2861 1663 2905 legitur,
1688 2857 1798 2895 Altfr.

247 2921 325 2956 vita
351 2933 376 2957 s.
405 2921 534 2965 Liudg.
560 2932 588 2957 c.
614 2922 647 2956 4.
675 2941 718 2945 ——
744 2922 780 2967 2)
806 2921 893 2955 Vita
920 2921 948 2955 Ι.
975 2931 1002 2956 c.
1030 2921 1061 2955 ἶ).
