1864 3213
448 143 547 185 Vita
578 143 728 198 rythm.
770 156 802 185 3.
841 142 1035 198 Liudgeri
1065 142 1136 185 let.
1168 141 1200 184 1.
1524 142 1604 186 181

263 262 470 303 'rimemus
502 261 640 311 etiam,
675 261 887 303 venturam
919 273 1004 303 rem
1038 259 1162 302 aliam

330 332 419 385 post
451 331 591 373 dilecti
623 331 681 373 eri
713 332 868 373 obitum
900 331 1118 385 Liudgeri:

262 402 428 445 Scilicet
459 402 591 444 locum
623 402 731 444 hunc
764 403 998 456 accepturos
1030 401 1109 443 sibi
1141 402 1238 443 tunc

330 473 372 513 in
404 472 675 514 hereditatem
706 473 748 513 et
778 471 1080 525 proprietatem,

68 543 196 587 1515.
259 543 375 585 1111113
409 543 448 585 et
479 543 605 584 vestri
636 544 704 596 qui
738 543 832 584 sunt
865 541 1166 596 consanguinei,

330 613 400 668 qui
430 614 644 656 intrabunt
675 614 792 667 post
823 626 891 655 vos
924 615 964 655 et
996 613 1285 667 insurgent
1326 612 1368 654 in
1399 626 1482 663 nos,

258 686 318 728 Et
350 685 542 740 cogent
572 697 709 726 omnes
740 697 830 727 nos
862 685 1077 726 nostros
1110 684 1193 725 sive
1225 683 1459 737 posteros,

326 756 438 809 plus
470 768 618 809 quam
651 755 835 797 nostrum
869 767 952 797 esse
985 754 1171 796 videatur
1203 767 1329 808 posse,

254 827 389 881 Atque
422 826 598 868 dominio
631 826 867 880 fatigabunt
900 825 1022 867 nimio

62 897 192 941 1520.
329 901 386 939 310
418 897 642 939 afficientes
673 898 744 938 aut
776 896 871 938 11100
895 896 1173 949 expellentes,

255 967 469 1011 Sumentes
503 967 628 1009 etiam
661 967 851 1010 adversus
883 967 1089 1008 iusticiam

326 1039 557 1081 sanctorum
594 1038 810 1080 laborem
843 1051 958 1079 suum
992 1037 1034 1078 in
1066 1038 1269 1087 honorem,

252 1110 361 1152 Dum
394 1122 466 1151 nec
497 1109 681 1162 inceptus
714 1109 767 1150 sit
798 1109 910 1150 locus
941 1121 1014 1150 nec
1045 1109 1258 1161 provectus
1289 1109 1342 1150 sit

324 1179 457 1233 aliquo
489 1179 653 1221 illorum
686 1179 830 1221 merito
862 1179 1073 1222 laborum‘.

65 1251 196 1294 1525.
253 1250 408 1303 Quibus
440 1263 530 1292 mox
561 1250 695 1292 incliti
732 1250 1110 1304 responderunt
1147 1250 1313 1300 domini,

325 1322 433 1364 certe
465 1334 505 1363 se
540 1321 684 1363 debere
716 1321 861 1362 fratri
892 1321 965 1363 hoc
1002 1321 1182 1371 suadere,

252 1394 325 1435 Ne
357 1393 547 1444 locum,
580 1393 779 1435 Dominus
813 1405 929 1446 quem
963 1392 1075 1434 dedit
1106 1393 1343 1444 altissimus,

322 1464 497 1506 ullidet
529 1477 690 1506 suorum
724 1464 1125 1518 consanguineorum,

254 1534 380 1588 Quem
414 1535 562 1577 fratres
593 1535 721 1577 libere
754 1535 904 1576 iustum
947 1535 1000 1577 sit
1033 1535 1310 1589 suscipere,

62 1606 191 1649 1530.
329 1606 405 1649 3011
436 1607 483 1648 ut
513 1607 555 1647 in
589 1619 631 1648 eo
664 1607 865 1648 serviatur
897 1607 994 1656 Deo,

252 1677 417 1731 Proprio
449 1677 612 1730 insuper
646 1677 715 1730 qui
747 1677 830 1719 sint
861 1678 901 1719 et
934 1677 1199 1720 communiter

323 1747 501 1790 omnium
534 1760 696 1790 suorum
728 1761 845 1790 usum
878 1748 1121 1801 prediorum,

253 1816 428 1861 Venturi
459 1818 644 1868 firmiter,
678 1820 723 1860 ut
755 1819 952 1862 concessit
980 1819 1156 1873 largiter

320 1890 451 1944 pietas
485 1903 656 1943 superna
688 1891 730 1931 in
762 1904 1009 1945 quacumque
1047 1892 1169 1941 terra,

63 1961 188 2004 1535.
252 1961 402 2015 Suique
435 1961 583 2014 posteri
616 1962 810 2004 firmitate
843 1962 970 2004 simili

322 2031 405 2073 sint
436 2030 633 2087 Liu‘dgeri
665 2033 812 2075 bonum
845 2033 1066 2086 possessuri
1098 2033 1260 2082 donum,

253 2100 346 2144 Sive
377 2102 418 2143 in
452 2103 598 2153 Frisia,
631 2104 714 2146 sive
746 2103 789 2145 in
822 2104 1005 2155 Saxonia,

325 2172 410 2214 sive
442 2174 549 2227 apud
580 2174 768 2225 Francos,
803 2175 887 2216 sive
919 2175 1030 2217 iuxta
1062 2175 1271 2225 Flandros,

251 2243 334 2286 Vel
366 2243 408 2284 in
440 2244 709 2298 Westphalia,
742 2245 807 2287 vel
840 2245 881 2287 in
915 2246 1001 2299 ipsa
1033 2247 1260 2297 Werthina,

62 2312 187 2356 1540.
322 2314 387 2356 vel
419 2315 462 2355 in
494 2315 593 2357 locis
625 2316 782 2358 cunctis
813 2317 904 2358 istis
935 2317 1205 2367 interiunctis,

250 2384 304 2425 Et
335 2384 392 2426 sic
424 2385 597 2427 interius
631 2387 670 2428 et
702 2387 759 2428 sic
792 2387 874 2428 sint
907 2388 1080 2429 exterius

324 2467 461 2497 omnes
493 2457 778 2499 monachorum
812 2458 967 2500 reditus
982 2499 987 2506 ,
1004 2455 1210 2502 bonorum.

156 2537 212 2572 30.
251 2525 347 2567 Istis
381 2528 629 2569 sermonibus
667 2529 731 2569 rel
764 2529 1097 2582 promissionibus

322 2597 516 2639 consolati
548 2598 695 2641 fratres
728 2612 797 2652 per
828 2600 978 2642 amicos
1010 2601 1157 2653 patres,

180 2771 282 2806 1512.
308 2782 398 2808 corr.
423 2774 464 2807 in
489 2772 566 2807 heri
594 2773 634 2808 T.
670 2793 713 2798 —-
753 2775 854 2809 1513.
881 2775 957 2809 scil.
984 2775 1006 2810 1.
1033 2775 1125 2809 hunc
1151 2786 1240 2811 corr.
1263 2775 1302 2810 T.
1331 2795 1374 2800 —
1401 2764 1502 2811 1524.
1529 2777 1594 2812 wie

37 2830 132 2864 1338
160 2830 199 2865 Τ.
226 2849 271 2856 -
297 2831 400 2867 1537.
426 2833 569 2867 saxonia
595 2844 683 2868 corr.
710 2834 787 2869 und
812 2835 877 2869 wie
902 2836 996 2868 1338
1024 2834 1062 2868 T.
1092 2854 1135 2859 ——
1164 2835 1265 2870 1544.
1293 2836 1357 2870 wie
1382 2837 1476 2870 1338
1502 2834 1544 2869 Τ.
