1864 3213
95 1243 157 1280 SS.
182 1244 231 1280 H.

111 1292 210 1328 410⁵.

283 139 340 181 60
731 137 828 178 Vita
864 149 942 179 seo.
976 149 1008 178 s.
1041 133 1239 202 Liudgeri
1269 135 1344 178 lib.
1376 136 1408 179 Ι.

282 270 410 312 agmn‘⁴
456 256 608 298 Verum
641 254 915 296 Marchelmus
948 254 1032 296 sive
1079 253 1314 296 coniciendo
1361 263 1459 296 seua
1504 254 1737 308 presciendo
1767 255 1842 298 hoc

284 328 443 379 dixerit,
477 339 530 373 ita
556 337 685 378 omnia,
714 337 830 371 sicutb
857 335 1008 377 dixerat,
1036 336 1236 371 eveniuntC
1253 336 1276 370 1.

424 399 478 432 12.
504 397 624 441 Igitur
649 407 711 440 per
735 406 751 428 s
766 397 913 439 eptem
940 405 1066 429 annos
1092 395 1137 429 in
1165 394 1238 429 illis
1274 394 1505 429 occidentalis
1530 394 1667 430 Frisiae
1692 394 1842 439 regio-

281 469 393 505 nibus
424 467 583 503 mansit2
631 456 738 498 inter
768 468 951 510 paganos
984 455 1048 498 vel
1079 454 1197 496 rudes
1246 455 1488 497 christianos
1530 466 1627 500 omni
1663 465 1842 500 industria

281 543 319 576 et
343 539 497 584 sapienti
511 538 631 573 labore
657 549 693 572 se
719 548 839 582 agens,
865 539 1013 568 novum
1044 525 1237 580 populum
1271 526 1414 568 devota
1446 525 1690 568 credulitate
1721 525 1843 567 insti-

279 602 410 647 tuens,
448 599 554 641 sieut
585 598 755 640 mirifica
788 598 872 639 eius
905 599 1020 652 gesta
1041 597 1179 650 populi
1211 597 1276 638 illi
1306 610 1430 650 usque
1452 597 1570 639 hodie
1601 597 1840 649 memorant,

280 685 376 726 quos
408 671 458 712 ab
490 669 610 711 idolis
642 670 878 711 convertens
909 668 1131 710 christiana
1163 668 1464 710 conversatione
1497 667 1702 711 instruxit.

423 753 477 787 13.
504 751 648 785 Interea
674 751 895 785 Saxonum
920 739 1105 792 princeps
1144 749 1424 784 Widukindd
1448 750 1731 795 persecutionem
1749 749 1842 784 chri-

279 823 408 859 stianis
434 824 604 863 tractans,
637 820 813 855 Frisium
839 832 917 855 cum
943 821 1099 855 exercitu
1125 823 1166 851 se
1206 810 1305 852 duce
1329 820 1422 855 adiit
1447 822 1483 855 et
1501 820 1761 855 aecclesias
1787 821 1841 855 in-

278 883 428 918 cendens
453 881 723 926 expellensque
749 880 948 915 famulos
973 880 1057 914 Dei
1092 879 1321 914 Fresones
1355 891 1498 925 usque
1523 880 1576 914 ad
1600 879 1730 914 Fleha
1756 879 1841 915 flu-

279 944 400 977 vium
438 940 624 976 Christi
662 940 875 983 religionem
921 939 1190 984 relinquere
1228 939 1402 983 compulit
1440 941 1477 974 et
1513 939 1625 984 prisco
1665 939 1841 974 erroris

277 1024 364 1048 mor
375 1024 392 1047 e
407 1013 536 1047 vivere.
552 1011 579 1045 T
592 1022 643 1045 un
656 1022 672 1045 c
688 1011 715 1045 L
727 1012 769 1045 iu
779 1011 800 1045 d
812 1022 835 1055 g
846 1022 888 1045 er
902 1022 947 1045 us
962 1010 1155 1045 cedendum
1170 1011 1321 1055 tempori
1336 1010 1544 1051 arbitratus,
1561 1000 1736 1041 maXime
1749 1012 1841 1041 cum

277 1073 316 1108 in
341 1073 406 1107 hae
432 1073 647 1116 tempestate
684 1070 844 1105 Albric
855 1082 877 1105 u
892 1083 907 1105 s
944 1070 1096 1105 antistes
1135 1081 1218 1104 suus
1257 1070 1299 1104 de
1323 1070 1455 1104 mundo
1482 1070 1692 1112 excesseritf,
1720 1069 1742 1104 d
1753 1081 1794 1104 es
1805 1080 1840 1105 e-

277 1133 373 1167 ruit
410 1143 490 1176 par
504 1134 574 1165 tes
613 1130 704 1164 illa
719 1142 734 1164 s
773 1132 818 1164 et
860 1131 1080 1174 assumpto
1119 1140 1260 1163 secum
1298 1129 1409 1164 fratre
1448 1140 1508 1163 suo
1547 1128 1838 1172 Hildigrimo,

281 1193 349 1248 qui
379 1193 478 1234 natu
502 1191 633 1233 iunior
655 1191 869 1244 disciplina
893 1190 977 1232 eius
999 1189 1290 1231 instituebatur
1306 1190 1333 1240 3,
1367 1201 1548 1234 Romam
1587 1199 1838 1244 perrexit&

282 1264 375 1306 Illic
397 1276 486 1305 cum
520 1275 646 1316 papae
691 1261 847 1303 Leoni5
878 1261 1097 1303 indicasset
1128 1260 1285 1302 itineris
1328 1273 1505 1311 causam,
1539 1261 1578 1302 et
1609 1260 1702 1313 quia
1735 1260 1839 1302 desi—

281 1335 440 1377 del'al‘el]
480 1345 530 1378 in
568 1346 718 1388 paterna
756 1342 958 1377 hereditate
998 1343 1251 1376 monasterium
1290 1344 1569 1383 construere,
1603 1330 1839 1385 intelligens

279 1407 419 1449 beatus
459 1405 638 1458 pontifex
670 1404 734 1446 vel
766 1417 811 1446 ex
845 1404 1095 1445 sermonibus
1127 1403 1212 1444 eius
1244 1403 1308 1444 vel
1333 1402 1410 1443 Dei
1441 1402 1588 1455 spiritu
1619 1402 1837 1453 revelante,

279 1477 377 1532 quid
409 1477 451 1517 in
483 1489 524 1518 se
557 1477 719 1517 sanotae
742 1475 1007 1516 intentionisg
1037 1474 1217 1525 haberet,
1250 1473 1290 1515 in
1302 1474 1320 1500 11
1351 1474 1497 1515 honore
1520 1473 1688 1527 magnoi
1719 1472 1840 1513 eumk

278 1549 422 1590 habuit
455 1547 699 1600 donavitque
731 1546 795 1587 illi
828 1545 1053 1588 Salvatoris
1099 1545 1226 1586 nostri
1272 1544 1463 1598 reliquias
1496 1545 1536 1585 et
1568 1545 1730 1585 sanctae
1760 1542 1839 1585 Dei

277 1619 487 1674 genitricis
519 1618 676 1659 Mariae
708 1617 1037 1670 sanctorumquel
1069 1616 1181 1657 Petri
1214 1616 1254 1657 et
1285 1615 1405 1657 Pauli
1422 1616 1449 1666 ⁶,
1483 1616 1523 1656 in
1555 1628 1722 1668 quorum
1754 1626 1839 1656 me-

276 1691 406 1732 moria
437 1689 741 1739 monasterium,
775 1688 880 1742 quod
913 1687 1083 1738 dixerat,
1116 1688 1427 1729 construeretur.

420 1803 436 1821 a
462 1795 536 1829 sive
564 1795 630 1829 Br.
659 1814 703 1818 —
728 1794 744 1819 b
770 1795 812 1827 ut
836 1793 885 1828 D.
915 1813 957 1817 --
984 1800 997 1818 0
1024 1795 1220 1827 evenerunt
1245 1793 1293 1827 D.
1320 1793 1385 1826 Br.
1413 1811 1456 1816 —
1483 1792 1500 1817 d
1526 1790 1762 1826 Widukindus
1787 1791 1837 1826 D.

283 1875 326 1880 —
353 1862 367 1880 e
393 1855 419 1898 f.
445 1855 511 1889 Br.
540 1872 583 1877 —
608 1853 623 1879 f
646 1852 849 1887 discesserit
873 1852 921 1886 D.
948 1853 1013 1886 ΒΥ.
1040 1871 1083 1875 —
1110 1860 1127 1884 g
1152 1852 1174 1886 i.
1201 1862 1241 1886 ac
1259 1851 1371 1886 studii
1388 1852 1437 1886 D.
1464 1851 1529 1886 Br.
1558 1870 1601 1875 —-
1626 1851 1645 1876 ¹1
1665 1852 1702 1886 in
1720 1861 1838 1886 amore

277 1916 314 1949 et
338 1915 388 1949 D.
414 1914 480 1948 Br.
508 1933 550 1938 ——
582 1913 637 1957 if.
663 1913 711 1948 D.
731 1912 797 1947 Br.
826 1932 869 1936 —
895 1912 913 1937 k
939 1911 1040 1946 illum
1058 1912 1121 1945 Er.
1141 1932 1183 1935 —
1222 1911 1232 1936 1
1256 1911 1303 1945 H
1323 1922 1351 1946 s.
1376 1912 1421 1946 h:
1448 1911 1702 1956 apostolorum,
1728 1911 1837 1946 socio-

275 1984 422 2018 rumque
447 1972 513 2006 ΒΤ.

417 2127 453 2171 1)
480 2126 567 2160 Vita
593 2125 622 2160 I.
650 2135 677 2159 c.
705 2125 760 2159 17.

418 2186 453 2230 2)
480 2185 568 2219 Vita
592 2184 622 2218 Ι.
650 2194 677 2218 c.
706 2185 762 2218 21.

418 2245 454 2288 3)
481 2244 563 2288 Vgl.
593 2243 670 2277 vita
696 2243 723 2277 Ι.
750 2253 777 2279 c.
804 2243 861 2278 32.

418 2304 455 2348 4)
481 2303 569 2337 Vita
595 2302 623 2337 I.
650 2313 677 2336 c.
705 2303 761 2337 21.

419 2363 454 2407 5)
481 2362 551 2396 Leo
578 2362 644 2396 111.
672 2362 828 2405 regierte
866 2362 940 2395 erst
978 2371 1046 2395 von
1090 2360 1285 2402 795-816,
1312 2360 1481 2395 wahrend
1506 2371 1565 2395 zur
1591 2360 1669 2395 Zeit
1694 2358 1756 2394 der
1779 2362 1834 2394 rii-

273 2421 433 2456 mischen
459 2422 564 2456 Reise
588 2420 764 2464 Liudgers
790 2419 951 2454 Hadrian
978 2419 1193 2464 (772—795)
1223 2420 1336 2464 Papst
1361 2430 1443 2454 war.
1493 2419 1536 2453 In
1573 2418 1684 2463 Folge
1721 2418 1834 2454 dieses

271 2481 364 2515 auch
390 2480 428 2515 in
455 2479 510 2514 die
527 2479 720 2524 folgenden
739 2480 837 2514 vitae
855 2478 1180 2523 ubergegangenen
1198 2478 1376 2513 Irrthums
1394 2478 1510 2513 haben
1528 2480 1666 2523 spatere
1683 2477 1834 2513 Schrift-

274 2539 397 2574 steller
423 2539 506 2574 zwei
531 2539 661 2574 Reisen
680 2537 856 2582 Liudgers
874 2538 965 2572 nach
983 2538 1071 2572 Rom
1095 2536 1380 2579 unterschieden,
1407 2537 1523 2572 zumal
1541 2536 1598 2571 die
1615 2536 1834 2571 Ausdrucks·

274 2599 378 2633 weise
403 2598 465 2633 der
492 2599 570 2632 vita
603 2597 782 2643 rythmica
808 2597 881 2632 und
907 2596 966 2631 des
1004 2596 1251 2632 werdenschen
1287 2596 1468 2641 Privilegs
1494 2596 1573 2631 eine
1598 2596 1715 2631 solche
1739 2595 1833 2631 Deu-

274 2658 367 2701 tung
393 2657 538 2692 zulasst.

417 2716 452 2760 6)
477 2715 548 2750 Mit
573 2715 776 2750 Ausnahme
803 2715 864 2750 der
888 2715 1080 2761 Reliquien
1105 2715 1166 2750 des
1183 2715 1232 2749 hl.
1250 2715 1384 2749 Paulus
1406 2713 1545 2748 werden
1572 2713 1629 2749 die
1647 2714 1695 2748 im
1722 2713 1833 2749 Texte

273 2774 530 2820 aufgefiihrten
554 2775 593 2808 in
619 2774 685 2809 den
699 2774 854 2809 anesten
869 2774 1114 2809 werdensc-hen
1141 2773 1335 2809 Urkunden
1360 2774 1539 2817 genannt;
1566 2784 1592 2807 s.
1611 2773 1668 2807 die
1697 2772 1832 2807 Einlei-

273 2836 367 2878 tung
391 2833 464 2869 und
489 2834 523 2868 S.
548 2834 594 2869 38
620 2833 662 2868 A.
689 2835 708 2868 1
727 2847 736 2875 ;
762 2832 842 2868 dass
867 2845 909 2868 zu
934 2833 1053 2868 Ehren
1079 2833 1140 2868 des
1156 2828 1336 2874 'Erlosers
1372 2832 1433 2867 der
1471 2831 1734 2867 Gottesmutter
1759 2829 1831 2866 und

275 2892 335 2928 des
360 2893 410 2928 hl.
438 2893 565 2928 Petrus
591 2891 653 2927 das
678 2892 824 2928 Kloster
848 2892 982 2937 gebaut
1007 2902 1090 2938 war,
1117 2892 1296 2927 berichtet
1321 2890 1378 2926 die
1403 2891 1481 2926 vita
1505 2891 1536 2926 Ι.
1562 2901 1590 2925 c.
1615 2891 1673 2926 32.
