1864 3213
282 156 367 199 182
680 155 779 197 Vita
809 153 962 209 rythm.
1003 164 1034 196 s.
1067 151 1262 206 Liudgeri
1293 151 1364 193 let.
1398 149 1430 192 I.

305 273 430 319 1545.
491 274 601 316 Dum
632 271 930 326 acquiescerent
962 271 1002 311 et
1032 269 1093 310 nil
1125 269 1262 311 contra
1295 267 1487 318 dicerent,

561 343 663 386 assit
693 343 739 384 ut
771 341 1012 395 Liudgerus,
1046 340 1174 381 currit
1206 339 1334 381 omnis
1367 351 1513 392 equus3

495 415 572 457 Sed
605 415 645 455 et
676 412 832 466 optacio
864 411 995 454 sancti
1026 412 1066 452 et
1097 410 1228 452 oracio

561 484 648 526 visa
680 483 741 526 est
771 482 940 535 impleta
971 481 1124 524 visione
1155 481 1248 522 leta.

492 555 626 610 Igitur
658 555 789 606 affuit,
822 554 959 608 grates
991 554 1077 595 Deo
1108 552 1289 595 reddidit

303 627 430 670 1550.
565 626 681 667 danti
711 625 769 667 eis
802 626 978 666 mentem
1010 624 1173 677 obsequi
1204 624 1419 667 volentem.

496 697 547 738 Et
580 696 675 738 dum
707 696 789 738 iam
822 696 954 737 factus
987 697 1047 737 est
1078 696 1298 738 conventus
1330 695 1371 736 et
1403 693 1556 736 dictum
1589 692 1664 744 est,

562 767 669 809 unde
700 767 902 821 ageretur,
937 768 976 808 61
1009 766 1105 819 quid
1137 766 1362 816 timeretur,

493 837 620 890 Quale
651 836 949 879 incommodum
982 836 1250 877 formidarent
1281 834 1534 889 postmodum

561 908 604 949 in
635 920 676 950 se
709 909 749 949 et
781 918 967 960 sequaces
998 905 1222 961 ingressuri
1254 906 1415 956 fratres,

304 979 430 1023 1500.
494 978 617 1031 Quasi
650 979 732 1019 iam
763 978 943 1031 aliquam
975 977 1160 1019 viderent
1201 977 1490 1030 oppositam

561 1050 680 1103 atque
713 1049 890 1091 odiosam
923 1048 1119 1090 fratribus
1151 1060 1438 1100 personam,

493 1119 630 1173 Quae
662 1132 703 1161 se
736 1119 911 1161 dominio
944 1119 1034 1172 plus
1068 1131 1187 1171 quam
1221 1118 1442 1171 patrocinio

562 1191 701 1233 vincat
732 1191 896 1232 feritate
927 1190 1018 1243 plus
1049 1202 1169 1243 quam
1202 1189 1394 1231 veritate:

492 1261 569 1304 Ille
601 1261 789 1303 continuo
821 1260 981 1315 ingenti
1012 1259 1184 1313 suspirio

305 1332 429 1376 1560.
565 1333 606 1374 61
639 1344 684 1374 ex
715 1331 824 1372 omni
855 1332 990 1372 mente
1023 1331 1178 1372 dixerat
1210 1330 1386 1372 intente:

494 1402 728 1456 ,Quisquis
760 1403 833 1444 1106
865 1401 1002 1452 faciat,
1027 1402 1297 1443 anathema
1329 1401 1497 1453 incidat,

565 1473 644 1515 die
677 1473 867 1515 iudicii
899 1485 1158 1525 responsurus
1190 1471 1326 1523 michi,

493 1543 592 1586 Cur
623 1557 812 1597 umquam
845 1543 1012 1584 audeat
1043 1543 1234 1593 locum,
1274 1555 1423 1596 quem
1455 1543 1815 1586 monstraverat

561 1615 670 1656 Deus
703 1614 996 1657 nominatim
1029 1627 1187 1655 sursum
1226 1614 1267 1655 et
1298 1614 1470 1666 affatim,

306 1686 431 1728 1565.
492 1686 547 1727 Ε1
578 1699 695 1739 quem
729 1685 979 1728 concesserat
1015 1684 1258 1737 sempiterna
1290 1685 1432 1738 pictas,

563 1757 701 1798 contra
734 1768 798 1797 me
830 1756 1013 1806 intrare,
1048 1756 1185 1797 contra
1216 1769 1279 1797 me
1312 1757 1513 1798 mutare

493 1827 549 1868 In
581 1827 795 1880 quicquam
827 1827 998 1878 aliud,
1033 1840 1181 1880 quam
1213 1827 1285 1868 sit
1315 1840 1387 1881 per
1419 1840 1482 1870 me
1513 1828 1714 1872 Dominus

562 1897 647 1951 ipse
678 1898 878 1950 operatus,
917 1897 1002 1951 ipse
1034 1898 1276 1939 miseratus‘.

491 1968 604 2010 Tunc
635 1968 938 2010 terribiliter
972 1969 1338 2010 damnaverunt
1369 1970 1575 2023 pariter

304 2038 430 2081 1570.
567 2052 659 2081 cum
690 2039 893 2093 Liudgero
925 2051 1003 2080 uno
1038 2039 1233 2081 antedicti
1266 2039 1356 2089 duo,

489 2109 566 2152 Vel
599 2111 668 2163 qui
698 2109 937 2152 invaderent
968 2110 1114 2152 fratres
1147 2111 1212 2152 vel
1244 2111 1489 2163 expellerent

562 2181 641 2222 ‘sibi
672 2181 736 2222 vel
770 2193 905 2222 eorum
937 2183 1198 2234 usurpassent
1230 2182 1388 2223 bonum.

492 2251 546 2293 Et
576 2251 659 2292 iam
691 2251 956 2293 dominica
996 2251 1099 2294 dies
1130 2252 1207 2294 Dei
1239 2252 1377 2306 gracia

561 2322 675 2364 venit
706 2321 912 2364 declarare
944 2336 1040 2376 opus
1072 2323 1234 2365 feriale:

303 2391 432 2434 1575.
493 2391 571 2434 1)16
604 2392 818 2444 (10111111163,
852 2406 951 2447 quae
984 2395 1079 2436 tunc
1112 2395 1199 2435 erat
1229 2395 1420 2447 proxima,

563 2462 634 2504 sui
667 2464 761 2504 sunt
793 2464 1001 2518 cognati
1032 2476 1195 2506 omnes
1227 2466 1558 2520 congregat13

492 2532 613 2586 Ipsa
646 2532 848 2575 dominica
881 2534 1060 2577 discussa
1091 2536 1185 2577 sunt
1216 2535 1349 2577 omnia

561 2616 636 2656 que
668 2606 957 2657 proposuerunt
988 2605 1084 2647 olim
1117 2605 1181 2647 vel
1214 2608 1420 2657 voverunt,

421 2765 522 2800 1566.
549 2766 616 2800 (las
641 2768 759 2802 6166116
784 2778 838 2802 1116
859 2769 946 2803 iiber
971 2769 1033 2804 der
1059 2769 1156 2804 Zeilc
1177 2770 1215 2804 T.
1242 2789 1285 2795 —-
1313 2770 1413 2805 1570.
1441 2769 1677 2815 hildegrimus
1695 2772 1733 2806 et
1749 2781 1832 2816 ger-

278 2821 391 2858 fridus
414 2834 448 2859 a.
475 2824 522 2860 R.
552 2825 591 2860 T.
619 2844 661 2849 ——
690 2826 790 2861 1578.
818 2837 907 2862 corr.
935 2839 1002 2862 aus
1026 2831 1200 2863 noverunt
1228 2829 1266 2864 T.
