1864 3213
68 271 197 313 1445.

69 566 194 609 1450.

67 798 195 904 1455.

65 1156 193 1199 1460.

68 1451 192 1494 1465.

161 1581 217 1616 29.

64 1783 189 1826 1470.

64 2126 191 2168 1475.

64 2432 189 2474 1480.

449 151 548 193 Vita
578 151 728 205 rythm.
770 162 801 191 S.
834 148 1029 204 Liudgeri
1058 147 1130 192 let.
1161 147 1193 190 Ι.

257 268 326 303 Pro
351 267 415 302 hoc
441 267 579 312 eloquio
604 266 815 301 benedicens
840 266 965 301 clerico

329 328 448 361 anima
474 326 644 370 Liudgcri
671 326 721 360 sic
750 324 935 369 respondit
958 325 1012 358 ei:

260 385 326 428 ,Tu
349 385 438 420 bene
463 385 618 430 loqueiis
643 395 736 419 more
762 383 847 418 boni
872 383 1036 424 hominis,

330 447 534 480 ceterum
561 454 749 488 speremus,
777 442 861 488 quid
888 442 1058 486 dignetur
1083 442 1189 483 Deus,

258 505 332 540 Nec
359 507 396 540 te
422 505 559 540 diucius
585 504 716 545 celabo,
748 502 840 548 quod
864 503 1037 537 Dominus

328 565 377 599 in
402 564 560 609 presenti
586 564 682 598 loco
714 573 790 597 meo
816 562 917 597 dedit
942 564 1036 602 voto,

257 623 378 667 Quod
404 625 549 658 tamen
576 622 679 657 iubeo
704 632 819 656 coram
845 621 987 657 Christo
1014 620 1175 661 Domino,

328 682 411 717 dum
438 683 540 717 vivo
567 682 675 716 celari
700 683 738 716 et
762 692 832 716 non
857 681 1018 715 revelari.

258 742 302 778 In
328 753 396 787 quo
422 752 540 777 nunc
565 741 715 782 sedeo,
743 739 956 775 concedente
982 739 1145 779 Domino,

327 801 423 835 locus
450 802 504 835 est
530 800 651 834 futura
676 800 785 834 michi
815 799 1009 844 sepultura,

256 860 382 895 Diem
408 859 568 894 iudicii
593 859 636 893 ad
664 861 866 903 preceptum
891 858 1036 892 Domini

329 919 366 953 in
391 919 455 953 hoc
480 917 711 963 prestolabor,
736 918 794 952 hic
818 916 1064 952 resuscitabor.

256 977 323 1012 Hic
350 989 449 1012 suam
474 978 647 1012 Dominus
675 977 833 1022 providit
858 977 1034 1022 propicius

325 1037 465 1072 laudem
491 1039 528 1071 et
554 1037 747 1071 multarum
773 1037 888 1071 vitam
918 1037 1127 1076 animarum,

256 1096 324 1131 Hic
349 1095 425 1130 eius
451 1096 571 1140 gracia
596 1107 657 1140 per
682 1098 823 1131 terrena
849 1096 966 1140 spacia

325 1165 410 1200 opus
436 1155 599 1200 spiritale
626 1155 706 1190 vult
731 1154 902 1190 edificare.

256 1214 303 1249 Et
330 1217 370 1249 tu
398 1215 618 1249 certissimus
644 1217 731 1255 esto,
758 1214 850 1259 quod
875 1214 1056 1259 piissimus

326 1273 499 1308 Dominus
525 1274 574 1308 sic
600 1274 700 1315 velit,
727 1276 764 1308 et
789 1275 839 1308 sic
864 1276 958 1308 certe
989 1274 1080 1308 erit.‘

256 1331 354 1367 Tunc
378 1333 441 1367 ille
468 1333 670 1368 clericus
697 1333 798 1377 quasi
830 1332 927 1367 dicta
952 1333 1081 1368 celitus

326 1392 432 1427 verba
459 1392 542 1426 dum
567 1393 722 1433 notavit,
748 1392 863 1426 locum
889 1391 1126 1436 consignavit,

255 1450 422 1496 Inspecta
447 1451 601 1486 arbore
628 1452 684 1486 vel
710 1451 873 1487 infosso
900 1451 1056 1496 lapide,

326 1512 514 1556 postquam
542 1513 597 1545 est
622 1511 797 1545 succissa
823 1511 937 1552 arbor,
965 1521 1031 1555 que
1057 1512 1142 1545 tunc
1168 1510 1256 1544 visa.

256 1570 348 1622 His,
382 1571 488 1612 sicut
520 1571 673 1612 dictum
707 1572 780 1621 est,
813 1571 872 1612 ita
904 1570 1044 1626 gestis,
1078 1570 1180 1612 itum
1214 1572 1274 1612 est

325 1654 452 1696 nuper
484 1642 536 1684 ad
568 1642 776 1684 credentes
808 1642 1120 1696 circumquaque
1151 1642 1306 1697 gentes.

255 1711 334 1755 Sed
367 1714 407 1754 et
439 1713 604 1756 consilio
637 1714 745 1768 regis
781 1714 821 1755 et
852 1714 1001 1756 auxilio

326 1784 657 1827 Monasteriensis
690 1795 831 1830 sedes
862 1787 959 1827 tunc
991 1796 1179 1837 surrexit¹‚

253 1853 381 1907 Quam
414 1855 549 1909 magis
580 1856 734 1897 fecerat
764 1849 994 1910 Liudgerus
1025 1869 1144 1910 quam
1177 1856 1348 1908 sederat,

324 1924 486 1959 intentus
511 1924 626 1960 labori
650 1926 766 1970 magis
792 1936 896 1971 quam
926 1925 1099 1960 honori.

252 1995 356 2035 Nam,
396 1985 501 2026 sicut
531 1985 683 2027 lectum
716 1987 777 2028 est
807 1986 850 2027 in
882 1986 999 2036 libro,
1047 1986 1116 2040 qui
1147 1987 1321 2041 scriptus
1354 1988 1414 2030 est

324 2055 372 2098 de
404 2056 517 2098 illius
550 2057 634 2099 vita
653 2058 679 2107 2,
710 2067 784 2102 fuit
809 2067 923 2102 adhue
948 2069 1002 2103 ita

253 2125 398 2168 Nolens,
424 2128 467 2161 ut
491 2127 631 2171 plenius
665 2127 813 2162 fieret
839 2128 1077 2172 episcopus

324 2185 397 2220 sive
422 2188 550 2220 unctus
576 2185 700 2220 (latum
725 2185 770 2220 ad
795 2187 1047 2232 episcopatum.

251 2243 440 2289 Inquirens
467 2244 588 2285 etiam,
615 2247 656 2279 ut
682 2244 724 2280 de
749 2246 838 2280 suis
869 2246 1075 2291 quispiam

323 2314 384 2347 pro
410 2314 446 2338 se
471 2305 665 2348 ungeretur
691 2306 728 2339 et
757 2305 1028 2350 principaretur.

253 2362 318 2406 Sic
350 2376 508 2417 semper
538 2364 721 2415 timidus,
754 2365 812 2407 sic
843 2378 1000 2419 semper
1032 2366 1230 2408 sollicitus

325 2434 481 2476 horruit
513 2447 670 2476 exosam
696 2435 848 2477 famam
881 2436 1099 2491 gloriosam

1522 147 1604 189 179

187 2586 290 2620 1446.
316 2567 463 2630 Βίᾎςθτί
491 2586 530 2621 Τ.
559 2607 602 2612 --
632 2588 732 2622 1467.
759 2599 785 2622 s.
812 2591 907 2623 1338
936 2589 973 2622 T.
1002 2606 1044 2612 ⁵—
1080 2589 1181 2624 1459.
1208 2589 1416 2634 Ludgherus
1441 2591 1594 2627 nondum

38 2642 164 2688 plenus
190 2645 371 2690 episcopus
398 2658 432 2681 α.
458 2646 504 2681 R.
535 2646 574 2680 T.
601 2667 644 2673 -—
673 2648 773 2683 1480.
800 2659 889 2683 corr.
915 2649 1088 2684 riclleicht
1114 2660 1181 2683 aus
1206 2650 1336 2685 terruit
1365 2651 1403 2685 T.

182 2817 216 2861 1)
243 2817 329 2852 Vita
354 2817 383 2852 Ι.
410 2828 438 2854 c.
465 2819 521 2853 23.
550 2838 591 2844 ——
619 2819 654 2864 2)
682 2819 767 2854 Vita
795 2820 822 2855 Ι.
850 2830 876 2854 c.
904 2821 968 2861 ‘233
1002 2831 1033 2855 v,
1061 2820 1109 2855 II.
1135 2831 1163 2854 c.
1190 2822 1254 2862 20;
1283 2832 1312 2855 v.
1340 2821 1408 2856 III.
1436 2832 1463 2856 e.
1489 2823 1546 2857 27.

1223 2899 1310 2940 12*
