1864 3213
260 155 343 198 166
658 152 757 195 Vita
789 152 938 207 rythm.
976 164 1007 195 s.
1038 151 1236 206 Liudgeri
1275 151 1346 194 let.
1378 151 1410 194 Ι.

468 271 547 314 Vel
580 271 676 312 dum
708 269 957 322 multiplices
993 269 1177 312 fecerunt
1204 269 1443 323 interpretes

540 343 688 384 stultos
711 343 760 384 ob
782 342 960 384 fautores
981 341 1112 384 varios
1145 354 1310 383 errores.

469 413 664 449 Claustrali
690 411 808 446 studio
835 412 885 446 sic
910 410 1109 455 Liudgerus
1133 410 1259 445 habito

541 471 652 506 duos
677 481 819 505 annos
845 472 890 505 et
915 482 987 505 sex
1012 470 1147 504 mansit
1175 469 1227 504 ibi
1252 481 1441 512 menseS,

308 520 407 564 995.
466 530 721 568 Ineffabiliter,
760 530 867 563 immo
892 529 1108 564 mirabiliter

540 590 578 624 in
605 600 640 624 se
667 589 833 623 eximiam
859 599 968 632 agens
994 587 1230 633 disciplinam,

469 647 572 683 Unde
597 648 804 682 memoriam
829 649 987 681 sanctam
1014 649 1051 682 et
1078 648 1259 691 egregiam

538 707 684 741 humilis
711 708 748 741 et
773 706 873 740 mitis
898 706 952 740 ibi
978 706 1182 751 dereliquit.

377 767 434 801 21.
472 766 540 809 Qui
566 765 647 800 dum
674 766 745 799 iam
771 764 939 806 crederet,
966 764 1058 810 quod
1084 765 1214 799 mundo
1241 764 1447 808 discederet,

282 816 407 858 1000.
541 826 576 859 et
603 824 694 870 quod
720 824 822 859 nemo
848 825 983 866 scisset,
1008 824 1069 859 ubi
1094 824 1273 865 latuisset,

472 884 622 918 Sanctae
649 884 809 918 Italiae
835 883 980 927 linguae
1006 883 1111 917 illum
1138 886 1293 928 strepere

540 954 617 978 cum
643 943 982 986 Francigenaruni
1018 942 1171 987 strepitu
1198 942 1414 985 linguarum,

470 1002 589 1036 Donec
614 1000 666 1035 ad
692 1001 903 1036 Karolum
930 1002 1038 1043 vexit,
1063 1001 1131 1036 Dei
1157 1001 1341 1042 famulum,

541 1071 602 1105 per
627 1063 772 1095 narrata
796 1060 888 1095 bona
914 1060 931 1094 f
939 1071 1034 1095 ama
1060 1061 1215 1104 gloriosa
1228 1061 1250 1094 ¹.

283 1110 408 1152 1005.
472 1120 622 1164 Ipsoque
647 1121 833 1164 tempore
859 1120 1063 1154 Alchwinus
1088 1120 1262 1164 precipue,

541 1178 603 1212 ubi
629 1178 678 1213 sit
703 1180 923 1224 antiquus
949 1179 1109 1224 queritat
1134 1179 1312 1219 amicus,

471 1250 539 1293 Qui
565 1252 650 1285 tunc
678 1249 725 1284 de
751 1250 914 1294 Anglia
940 1250 1068 1285 venit
1095 1239 1159 1281 Vel
1195 1239 1242 1280 de
1274 1239 1444 1281 Francia

540 1309 639 1354 loqui
665 1309 846 1344 antedicto
873 1310 949 1354 regi
974 1309 1172 1350 benedicto,

471 1368 734 1404 Venerabiliter
760 1370 797 1403 et
823 1368 1167 1403 favorabiliter

285 1430 410 1471 1010·
544 1450 564 1474 a
591 1450 658 1484 quo
685 1442 739 1473 est
765 1441 1018 1483 susceptus
1044 1428 1206 1469 sanctus
1239 1440 1276 1472 et
1302 1437 1464 1471 dilectus.

472 1499 546 1533 Nec
572 1498 672 1533 corde
698 1498 829 1533 excidit
854 1498 1087 1542 percunctari,
1111 1497 1173 1532 ubi
1199 1497 1248 1532 sit

544 1558 601 1592 vel
627 1558 657 1591 si
681 1568 854 1602 nusquam
881 1557 977 1591 visus
1002 1557 1050 1591 sit
1076 1556 1274 1600 Liudgerus
1300 1556 1412 1590 vivus.

473 1617 545 1652 Nec
570 1616 632 1651 ille
658 1617 785 1656 tacuit,
811 1616 904 1650 sicut
931 1616 1006 1649 Deo
1032 1616 1177 1660 placuit,

544 1676 605 1721 qui
630 1686 708 1709 mox
733 1675 927 1716 retulisset,
955 1685 1021 1719 quo
1052 1674 1250 1718 Liudgerus
1276 1674 1374 1714 isset,

284 1736 410 1780 1015.
473 1737 526 1777 Et
558 1748 680 1789 quare
715 1735 919 1788 propriam
951 1734 1182 1787 reliquisset
1212 1734 1399 1787 patriam,

547 1819 624 1859 qua
654 1806 731 1847 hac
763 1804 927 1859 regione
959 1805 1037 1846 iret
1069 1805 1238 1846 racione.

474 1875 679 1910 Alchwinus
703 1874 850 1909 audiens
876 1876 913 1908 et
938 1874 1001 1908 hec
1026 1874 1105 1918 regi
1130 1884 1322 1917 suggerens

545 1935 671 1975 virum,
698 1944 802 1979 quem
827 1933 983 1974 amabat,
1009 1934 1086 1977 regi
1112 1932 1461 1968 commendabat.

476 1993 525 2027 Et
549 1995 654 2036 rogat
679 1993 818 2034 intime,
844 1995 885 2027 ut
911 1992 1081 2036 dignetur
1105 1993 1250 2026 mittere

286 2042 414 2085 1020.
547 2062 608 2096 pro
634 2051 679 2086 ad
705 2062 740 2086 se
767 2051 920 2086 vocando
948 2052 1021 2086 viro
1049 2051 1257 2092 venerando,

476 2111 626 2146 Dicens
652 2122 697 2145 se
722 2111 900 2145 hominem
927 2110 1102 2156 quondam
1127 2122 1227 2145 nosse
1252 2111 1415 2144 iuvenem

546 2170 747 2215 similesque
773 2170 842 2204 sibi
875 2180 1001 2214 paucos
1026 2170 1194 2211 inveniri,

476 2229 524 2263 Et
550 2228 643 2274 quod
667 2229 864 2263 virtutibus
890 2228 1023 2263 divinis
1047 2229 1233 2263 obtutibus

547 2288 676 2329 nullus,
704 2299 805 2332 quem
831 2288 999 2328 novisset,
1025 2289 1140 2331 magis
1165 2286 1361 2322 studuisset
1371 2300 1380 2328 ;

288 2335 415 2377 1025·
476 2346 607 2381 Decere
633 2346 801 2381 Karolum
827 2357 946 2390 regem
971 2347 1082 2381 talem
1108 2347 1323 2380 clericum

548 2406 683 2447 aulam
716 2408 755 2448 et
786 2406 964 2461 regalem
998 2406 1251 2459 capellanum
1282 2405 1419 2448 talem.

407 2540 486 2575 992.
505 2551 595 2576 corr.
611 2541 652 2576 in
669 2539 807 2574 fauores
827 2539 866 2575 T.
887 2560 930 2565 —
950 2540 1050 2575 101‘2.
1064 2539 1121 2574 uel
1134 2539 1165 2573 si
1183 2539 1445 2584 naehyetraqen
1457 2537 1534 2573 und
1547 2538 1650 2573 uivus
1664 2548 1754 2575 corr.
1770 2537 1813 2573 T.

267 2698 511 2733 Testamentes
537 2698 660 2739 selbst,
686 2697 847 2739 sondern,
879 2699 945 2733 wie
971 2698 1077 2733 sehon
1104 2709 1162 2732 zur
1181 2698 1258 2732 Zeit
1284 2697 1344 2732 des
1369 2697 1417 2732 hl.
1443 2697 1679 2742 Hieronymus
1703 2696 1817 2741 (Kau-

266 2756 325 2791 len
349 2757 384 2791 S.
411 2757 488 2798 163,
521 2757 587 2791 165
605 2767 637 2790 n.
658 2757 715 2800 a.)‚
743 2756 847 2790 deren
874 2756 1085 2791 lateinische
1112 2755 1387 2799 Uebersetzmg,
1414 2766 1481 2790 von
1507 2754 1568 2791 der
1593 2766 1629 2791 es
1654 2754 1815 2791 vielerlei

268 2815 378 2850 Texte
404 2815 748 2859 (interpretationes)
774 2814 855 2859 gab.

409 2885 445 2930 1)
469 2885 556 2920 vita
580 2886 648 2920 111.
675 2896 702 2920 c.
729 2886 785 2920 18.
