1864 3213
947 663 1024 716 II.

490 798 624 852 Vita
681 796 925 851 secunda
969 796 1150 850 saneti
1193 795 1472 864 Liudgeri.

522 938 693 983 Incipit
723 938 817 975 vita
848 937 994 982 patris
1024 938 1173 974 nostri
1202 937 1421 982 Liudgeri
1431 943 1460 975 ἃ.

357 1054 580 1109 Liudgerib
612 1053 757 1095 merita
801 1052 1060 1093 multifaria⁰
1101 1065 1171 1094 suo
1211 1053 1320 1094 Deus
1351 1052 1495 1106 pandit
1526 1052 1774 1100 testimonio,

215 1127 256 1168 et
286 1125 441 1180 gloriae
472 1126 512 1167 et
543 1124 717 1174 honoris,
757 1136 832 1177 quo
880 1136 971 1165 oum
1017 1123 1102 1165 Deo
1134 1123 1306 1173 fruitur⁷
1346 1123 1521 1176 plurima
1566 1136 1611 1165 ex
1643 1123 1773 1177 signis

215 1197 462 1240 salutaribus
509 1196 660 1238 indicia
707 1196 905 1237 constant.
960 1194 1037 1235 Tot
1069 1194 1216 1235 etenim
1235 1195 1252 1220 d
1284 1194 1436 1236 salutes
1467 1195 1518 1236 ad
1552 1195 1637 1236 eius
1669 1193 1774 1236 sacri

216 1268 391 1321 corporis
423 1268 553 1309 locum
587 1266 738 1307 infirmi
783 1277 874 1318 sepe
920 1266 1237 1318 resumpserunt,
1285 1278 1358 1307 nec
1405 1278 1483 1307 non
1516 1266 1555 1307 et
1587 1266 1774 1307 absentes

215 1339 259 1381 in
291 1339 373 1380 suis
404 1338 713 1380 necessitatibus
760 1337 845 1378 eius
891 1348 1006 1389 opem
1039 1336 1098 1377 ita
1128 1336 1359 1389 frequenter
1403 1336 1556 1389 experti
1591 1336 1697 1387 sunt,
1729 1336 1775 1377 ut

216 1410 314 1452 haec
347 1409 572 1451 enumerari
613 1407 863 1462 impossibile
910 1407 964 1450 sit
1011 1409 1052 1449 et
1097 1407 1299 1448 scribendi
1346 1407 1565 1449 excedante
1597 1407 1775 1448 modum.

217 1481 368 1523 Verum
401 1493 446 1522 ex
469 1481 656 1534 plurimis
688 1491 829 1533 pauca,
863 1478 896 1520 si
928 1478 1017 1532 quis
1049 1491 1095 1521 ea
1117 1490 1229 1520 nosse
1251 1478 1436 1529 voluerit,
1469 1478 1511 1518 in
1539 1490 1662 1531 parvo
1695 1477 1776 1520 col-

218 1551 325 1594 lecta
356 1552 480 1594 habet
510 1551 698 1604 opusculo
717 1552 744 1602 1,
813 1549 919 1604 quod
965 1549 1059 1592 huic
1098 1549 1227 1591 codici
1273 1548 1564 1599 subiunximus,
1612 1549 1653 1590 in
1700 1561 1777 1602 quo

220 1622 310 1677 quis
342 1623 406 1664 vel
438 1623 543 1664 unde
574 1622 711 1673 fuerit,
743 1634 817 1664 neo
847 1634 927 1663 non
958 1620 1067 1664 vitae
1099 1621 1138 1663 et
1170 1621 1333 1662 actuum
1366 1620 1449 1662 eius
1481 1619 1777 1673 aliquantulam

221 1694 452 1748 exegimusf
480 1694 731 1737 memoriam.

803 1810 948 1864 [Liber
972 1809 1173 1864 primus]
1187 1817 1205 1843 g

366 1919 398 1952 1.
432 1916 664 1961 Temporibus
701 1926 784 1961 ergo
822 1915 976 1951 Karolih
1015 1903 1160 1959 Magni
1199 1914 1392 1949 Fresonum
1425 1916 1462 1949 et
1486 1914 1660 1948 Saxonum
1697 1902 1781 1956 pri-

223 1990 313 2019 mus
334 1987 406 2022 suit
432 1988 633 2032 episcopus;
659 1977 803 2018 harum
836 1976 922 2030 ipse
943 1976 1153 2018 nationum
1182 1976 1401 2016 maximam
1433 1975 1604 2028 partem,
1652 1983 1689 2018 id
1725 1985 1781 2019 est

223 2046 381 2082 Frisiaei
399 2047 606 2092 quinque
631 2057 773 2091 pagos
790 2048 827 2081 et
845 2044 1156 2080 occidentales
1182 2044 1391 2086 Saxones,
1417 2055 1438 2078 a
1454 2044 1664 2089 paganismo
1682 2053 1780 2078 revo-

224 2129 307 2153 cans
347 2117 483 2153 Christi
514 2116 646 2152 imbuit
678 2116 746 2152 fide
761 2117 787 2153 2.
837 2106 1046 2148 Venerunt
1094 2106 1134 2146 et
1178 2105 1289 2158 prius
1332 2105 1380 2146 de
1410 2105 1520 2146 terra
1551 2105 1781 2159 Anglorum

223 2178 359 2232 plures
389 2177 572 2219 homines
603 2177 681 2219 Dei
718 2177 937 2231 spontanea
967 2189 1038 2230 pro
1082 2175 1160 2217 Dei
1190 2188 1325 2217 amore
1356 2174 1681 2230 peregrinatione
1712 2175 1782 2217 de-

224 2249 380 2300 lectati,
413 2248 482 2302 qui
514 2249 702 2291 exeuntes
755 2247 804 2290 de
833 2249 944 2290 terra
980 2248 1021 2289 et
1051 2246 1291 2301 cognatione
1323 2258 1394 2288 sua
1427 2246 1583 2288 nostras
1629 2245 1783 2300 patrias

225 2320 434 2375 agnitione
456 2318 608 2361 Christi
630 2319 905 2361 inluminarek
934 2318 1233 2360 laboraverunt.
1265 2318 1325 2359 Ex
1345 2317 1490 2371 quibus
1511 2317 1591 2358 fuit
1612 2316 1784 2359 eximius

227 2391 365 2434 doctor
396 2389 706 2432 Willibrordus¹
737 2391 778 2432 et
809 2389 905 2432 socii
935 2388 1034 2441 eius,
1080 2401 1153 2431 nec
1198 2400 1276 2430 non
1308 2388 1349 2430 et
1379 2387 1606 2443 Wynfridm
1637 2400 1785 2442 cogno-

368 2490 386 2511 a
410 2483 483 2518 Inc.
509 2493 542 2518 v.
568 2483 683 2518 sancti
709 2481 866 2527 Ludgeri
891 2482 1044 2528 episcopi
1077 2482 1154 2526 Br;
1180 2482 1248 2516 inc.
1284 2493 1316 2517 v.
1343 2493 1369 2516 s.
1395 2480 1525 2525 Liudg.
1552 2491 1604 2526 ep.
1632 2481 1692 2524 D;
1718 2480 1794 2525 auf

226 2542 289 2587 fol.
315 2541 365 2576 2¹>
389 2542 433 2577 in
457 2540 493 2575 A
522 2541 700 2576 Titezbilcl.
727 2561 772 2566 —
796 2541 813 2567 b
839 2540 954 2585 Ludg.
980 2541 1046 2576 Br.
1072 2541 1150 2575 und
1175 2551 1213 2576 so
1239 2544 1332 2575 stets.
1368 2558 1412 2565 —
1444 2547 1459 2566 0
1492 2539 1691 2574 multifarie
1715 2540 1782 2575 Br.

228 2621 272 2627 —-
299 2601 316 2627 ἃ
341 2601 436 2635 enim
461 2600 527 2636 Br.
555 2619 600 2625 --
625 2607 640 2626 θ
665 2599 811 2635 excedat
835 2599 886 2635 H.
913 2617 958 2626 ·—
981 2599 998 2626 f
1018 2599 1194 2643 exigimus
1227 2600 1293 2634 Br.
1320 2617 1365 2624 —
1402 2606 1420 2633 g
1443 2599 1471 2642 f.
1497 2598 1544 2633 A.
1570 2598 1619 2633 D.
1645 2598 1713 2634 ΒΥ.
1739 2617 1785 2622 -

228 2659 247 2687 1¹
271 2659 391 2696 Caroli
414 2659 466 2694 D.
491 2678 536 2684 --
561 2659 571 2685 i
595 2658 738 2694 Fresiae
763 2659 813 2694 D.
839 2658 890 2693 H.
917 2678 962 2684 —
978 2658 998 2685 k
1014 2658 1116 2693 illum
1142 2658 1192 2693 D.
1209 2659 1275 2693 Br.
1301 2677 1347 2683 —
1370 2655 1619 2693 1Wilbrordus
1643 2657 1692 2693 D.
1717 2657 1785 2694 Br.

231 2738 276 2744 ——
301 2727 327 2745 111
352 2717 508 2753 winfrid
532 2717 582 2753 H.
609 2718 685 2763 Br;
710 2717 910 2753 winfridus
934 2718 986 2754 D.

373 2814 408 2859 1)
433 2813 600 2849 Namlich
624 2814 663 2849 in
689 2813 768 2849 dem
793 2813 897 2859 liber}
920 2813 970 2849 11.
998 2812 1061 2855 „de
1086 2812 1301 2849 miraculis“.

372 2871 409 2918 2)
432 2872 521 2908 Vita
544 2872 574 2909 Ι.
600 2883 628 2908 c.
653 2872 805 2909 22—24.
