1864 3213
416 151 512 194 Vita
543 152 691 208 rythm.
731 165 763 194 s.
797 151 994 207 Liudgeri
1030 152 1101 194 let.
1133 153 1166 195 I.
1486 155 1564 198 151

226 269 409 305 Profectus
434 269 549 314 igitur
574 269 765 305 Liefwinus
790 270 1020 315 suscipitur

297 328 386 364 Ave
399 328 554 364 rhilda
580 328 672 363 bona
696 329 862 374 primitus
887 331 1111 365 matrona.

226 387 283 423 Ibi
308 388 501 423 virencium
527 388 663 433 rigans
689 390 826 433 prata
851 388 1072 423 mentium

296 447 429 482 fecerat
454 447 576 483 florere
601 457 698 492 spem
723 447 900 482 salutis
926 457 1040 489 verae,

64 495 162 538 545.
224 506 316 541 Nam
342 506 434 552 quod
459 506 672 552 disperserat
697 505 843 541 verbum
868 516 908 541 eo
933 509 1102 548 creverat,

295 569 337 602 ut
361 566 516 602 libenter
542 578 662 602 verum
688 565 870 601 crederent
894 565 933 600 in
958 565 1072 601 Deum

224 625 274 660 Et
297 627 426 670 spretis
450 625 555 661 idolis
581 625 744 661 adessent
769 625 958 667 aecclesiis,

294 685 332 719 in
357 685 619 720 christianismo
645 684 876 730 obsequentes
901 684 1056 721 Christo.

224 743 362 779 Ibidem
387 745 505 780 locus
530 748 596 787 est,
622 744 791 789 Hiulpa
818 744 891 789 qui
917 746 1094 779 vocatus
1119 746 1184 787 est,

54 792 162 835 550.
297 803 341 838 ad
366 804 519 839 occide
530 804 709 839 ntalem¹
735 803 828 838 Islae
854 803 1053 847 regionem;

224 861 291 897 Hic
317 864 378 909 qui
404 863 626 899 crediderant
652 864 824 899 Liefwino
850 866 1122 900 construxerant

296 923 478 958 ecclesiam
504 923 646 960 Christo
672 923 810 959 subditi
835 923 899 958 sub
925 924 1011 968 ipso.

222 981 402 1017 Daventre
428 983 568 1018 etiam
599 983 760 1018 fecerunt
786 983 1042 1018 ecclesiam

292 1041 337 1076 ad
363 1042 629 1077 orientalem
655 1042 748 1078 Islae
783 1042 976 1086 regionem.

61 1088 158 1132 555.
219 1099 282 1135 Ad
306 1101 407 1135 illam
432 1102 585 1146 populi
611 1101 897 1137 confluentes2
922 1101 1067 1146 plurimi

292 1160 436 1196 verbum
462 1172 523 1206 per
549 1161 759 1197 Liefwinum
785 1161 978 1196 hauserant
1004 1161 1176 1197 divinum.

221 1219 272 1255 At
296 1231 383 1265 gens
410 1220 620 1256 Saxonica
645 1221 778 1265 agilis³
803 1224 840 1256 et
857 1220 997 1262 bellica,

292 1278 446 1314 nondum
473 1280 680 1321 christiana,
706 1282 760 1315 set
785 1280 898 1315 adhuc
922 1290 1107 1325 pagana,

222 1338 289 1373 Per
315 1338 519 1373 idolatriam
545 1339 726 1374 insaniens
750 1340 905 1384 patriam

61 1386 158 1429 560.
289 1397 363 1433 Deo
389 1397 592 1439 resistebat,
624 1409 729 1444 quem
754 1399 837 1434 heu!
864 1398 1044 1434 nesciebat
1054 1412 1064 1440 ;

221 1457 313 1491 Nam
348 1457 384 1491 in
418 1457 587 1492 ecclesias
603 1448 620 1471 4
645 1460 830 1493 verterunt
855 1457 1015 1500 insidias,

291 1515 381 1551 dono
407 1527 496 1562 quae
523 1517 645 1552 divino
671 1516 788 1553 factae
814 1520 899 1553 sunt
924 1517 1110 1560 Liefwino,

221 1575 319 1619 Quas
351 1578 388 1610 et
413 1575 661 1612 destruxerant
686 1579 724 1612 et
749 1578 857 1622 igne
883 1576 1228 1620 combusserant,

290 1636 397 1670 immo
424 1636 658 1681 expellebant,
684 1637 757 1672 Deo
784 1638 845 1682 qui
871 1636 1074 1672 credebant.

59 1683 158 1725 565.
221 1694 338 1729 Tunc
364 1694 418 1730 ad
445 1694 717 1740 Gregorium
750 1696 1026 1731 Liefwinus
1051 1695 1229 1740 refugium

291 1765 390 1788 suum
418 1753 626 1799 disponebat
652 1759 689 1791 et
714 1755 926 1800 refugiebat,

220 1809 417 1858 Expectans
442 1814 585 1849 Domini
612 1814 650 1849 in
681 1814 781 1849 domo
808 1814 972 1859 Gregorii

290 1874 652 1909 consolacionem
678 1874 734 1909 vel
759 1874 1050 1919 redempcionem.

221 1931 274 1966 Ad
300 1943 386 1967 sua
410 1933 524 1977 igitur
551 1933 633 1968 dum
663 1933 776 1968 hostis
800 1934 1042 1974 revertitur,

60 1981 158 2022 570·
290 1991 451 2027 omnibus
477 1992 652 2028 sedatis
676 1993 794 2028 turbis
818 1992 1023 2038 pravitatis,

220 2062 300 2097 Mox
332 2053 428 2097 servi
453 2064 597 2099 Domini
623 2053 866 2099 decreverunt
896 2062 1036 2108 regredi

289 2121 419 2157 bonum
446 2126 483 2158 et
507 2123 686 2168 inceptum
713 2123 827 2158 facere
852 2123 1057 2168 perfectum.

221 2181 318 2216 Tunc
354 2184 655 2218 reconstruxerat
689 2182 717 2217 L
730 2182 742 2216 i
755 2193 772 2217 e
784 2182 838 2216 fxv
853 2183 932 2217 inu
946 2193 961 2216 s
998 2180 1248 2216 aecclesias

290 2242 327 2275 et
352 2240 396 2275 ad
422 2241 557 2277 Christi
583 2241 697 2286 legem
724 2241 910 2286 recollegit
935 2251 959 2285 g
970 2252 986 2275 r
1000 2251 1017 2275 e
1030 2250 1122 2285 gem,

58 2288 157 2330 575·
220 2299 330 2342 Quem
356 2302 393 2334 et
418 2299 572 2334 fideliter
601 2302 637 2335 et
662 2301 774 2335 inces
788 2313 804 2335 s
817 2300 970 2335 abiliter

290 2369 434 2403 pascens
459 2358 481 2393 d
492 2370 510 2393 0
521 2370 537 2393 c
547 2370 569 2393 u
580 2370 614 2394 m
624 2371 640 2394 e
651 2360 732 2394 ntis
742 2360 767 2401 ⁵,
794 2360 938 2394 firmans
963 2358 1202 2401 sacramentis,

151 2464 218 2500 541
237 2464 261 2499 f.
295 2465 393 2511 θεᾶν.
432 2466 524 2501 Bon.
565 2486 607 2491 —
643 2467 722 2502 542.
757 2477 777 2502 a
803 2465 974 2502 Verhilda
1007 2466 1101 2502 Bozz.
1139 2485 1183 2490 —
1221 2467 1299 2502 549.
1340 2478 1403 2517 cor·
1435 2466 1558 2511 hiulpa

8 2534 134 2570 Rasar
160 2535 210 2579 T;
236 2547 268 2581 q.
297 2547 328 2571 v.
355 2547 384 2571 e.
410 2547 500 2572 corr.
520 2537 560 2572 T.
588 2558 630 2562 —
656 2538 735 2573 550.
767 2548 856 2573 corr.
883 2549 951 2573 aus
975 2537 1043 2572 isla
1070 2537 1110 2572 T.
1138 2557 1181 2562 —
1213 2538 1292 2573 553.
1318 2519 1489 2572 dauentre
1517 2537 1557 2573 T.

10 2612 54 2618 —-
78 2594 157 2629 556.
183 2605 244 2639 per
269 2594 480 2630 liefuuinum
506 2596 583 2631 und
608 2595 768 2631 diuinum
793 2607 883 2632 corr.
913 2596 952 2631 T.

150 2725 185 2770 1)
211 2724 299 2759 Vita
316 2724 344 2760 Ι.
372 2726 426 2760 13.
466 2744 510 2749 --
549 2726 585 2770 2)
611 2725 698 2761 Vita
723 2725 750 2761 1.
781 2736 808 2761 c.
837 2726 890 2761 14.
930 2745 973 2750 --
1008 2726 1044 2771 3)
1070 2724 1151 2770 Vgl.
1178 2726 1255 2761 vita
1279 2726 1348 2761 111.
1375 2737 1402 2762 c.
1431 2727 1484 2762 17.
1512 2746 1556 2751 —

8 2783 46 2828 4)
69 2783 137 2818 Die
162 2784 298 2819 alteren
324 2785 422 2820 vitae
449 2785 611 2819 erzahlen
644 2797 711 2820 nur
741 2785 798 2820 die
824 2785 1038 2829 Zerstbrung
1071 2783 1132 2819 der
1157 2785 1286 2820 Kirche
1312 2797 1353 2820 zu
1378 2785 1556 2820 Deventer

9 2841 56 2886 (v.
81 2843 109 2877 1.
137 2853 165 2878 c.
194 2844 237 2879 14
247 2857 256 2885 ;
283 2855 314 2879 v.
341 2844 388 2879 ΙΙ.
415 2855 442 2879 c.
469 2846 490 2880 6
500 2858 508 2886 ;
535 2856 566 2879 v.
593 2844 661 2880 111.
689 2856 716 2880 c.
744 2846 803 2891 10)
835 2844 906 2879 und
924 2845 1062 2880 kennen
1088 2845 1176 2880 auch
1203 2856 1269 2880 nur
1286 2844 1343 2880 die
1368 2845 1556 2880 Riickkehr

9 2901 191 2938 Liafwins.
221 2923 265 2928 --
294 2903 330 2949 5)
355 2903 443 2939 Vita
467 2903 496 2938 I.
523 2903 546 2940 1.
574 2914 601 2939 c.
