1864 3213
400 169 498 220 Vita
529 170 678 232 rythm.
712 189 742 219 s,
776 167 971 231 Liudgeri
1001 173 1071 218 let.
1104 166 1136 217 Ῐ.
1467 167 1549 216 145

212 295 293 339 Sub
325 296 431 339 tecto
462 295 593 350 patrio
625 294 709 337 viso
740 294 948 337 Bonifacio

281 368 405 410 libros
436 367 632 419 intuente,
670 366 857 409 meminit
887 365 1057 409 intente.

52 440 150 483 315,
212 438 434 474 Corticem
460 437 547 472 folia
574 436 685 481 elegit
710 435 866 478 arborea,

280 498 373 533 unde
398 497 621 532 luminare
647 496 763 531 solent
788 496 969 541 adaptare,

212 558 305 593 Hinc
330 557 439 593 libros
464 557 608 598 fecerat,
635 567 720 601 quos
745 556 924 591 nutrici
949 554 1094 591 dederat

283 617 392 652 bonos
418 619 460 652 ut
485 615 678 650 libellos
704 614 774 650 sibi
800 614 1066 650 conservandos

213 677 280 712 Est
304 678 341 711 et
365 679 525 721 preterea
550 676 670 710 mente
695 674 958 719 simplicissima

53 739 151 781 320,
284 738 425 771 secutus
450 734 705 779 scriptores
730 745 793 768 nec
819 745 888 768 non
915 736 952 768 et
978 734 1145 769 lectores:

216 795 394 839 Colorem
427 795 649 849 quemlibet
679 807 750 848 pro
782 795 964 836 incausto
997 795 1092 835 dum
1126 793 1261 844 habet,

285 865 473 907 scribebat,
500 865 656 910 legebat,
682 865 819 899 malens
846 875 950 909 quam
977 863 1131 899 valebat.

217 939 253 974 Si
279 937 371 973 dixit
400 937 550 982 aliquis:
600 925 847 980 ‚Liudgerule‚
881 935 993 981 quid
1019 935 1132 980 agis?¹

286 996 540 1042 respondebat:
589 995 723 1039 ,Scribo
751 996 786 1030 in
813 995 877 1030 hoc
902 1006 979 1030 meo
1005 995 1120 1029 libro.‘

55 1060 153 1102 325,
215 1057 252 1092 Si
278 1059 363 1092 tunc
387 1055 594 1090 addiderat:
643 1054 765 1097 ‚Quis
791 1056 835 1089 te
861 1054 924 1088 hoc
951 1053 1184 1088 docuerat?

286 1114 602 1161 respondebat:
652 1113 762 1155 ,Meus
789 1114 849 1159 qui
875 1124 930 1147 me
955 1112 1042 1148 fecit
1067 1113 1236 1148 Deus¹‘.

217 1177 363 1219 Videte
397 1175 569 1226 domini,
609 1186 688 1231 quis
714 1185 751 1220 in
777 1184 878 1220 corde
902 1184 1040 1230 parvuli

288 1248 382 1282 esset
406 1246 470 1281 hec
495 1247 649 1290 agentis,
675 1247 768 1281 esset
793 1245 843 1280 sic
868 1245 1067 1290 loquentis:

217 1307 285 1342 Hic
310 1307 386 1341 sine
413 1304 531 1348 dubio,
558 1305 656 1340 cuius
681 1305 754 1340 solo
781 1304 900 1339 studio

58 1370 156 1412 330,
288 1366 362 1401 Deo
387 1364 616 1400 moribundus
644 1365 829 1399 reviviscit
854 1363 1016 1405 mundus,

218 1426 286 1461 Ille
312 1425 490 1466 videlicet,
519 1425 579 1470 qui
605 1426 642 1459 et
667 1424 704 1459 in
731 1423 894 1458 Elisabet

288 1486 421 1520 fecerat
446 1485 622 1518 infantem
647 1483 720 1517 Deo
747 1482 1000 1518 exultantem?

151 1547 183 1582 7.
218 1545 417 1590 Liudgerus
443 1544 557 1588 igitur
582 1542 711 1577 celitus
736 1541 921 1587 dirigitur,

290 1605 328 1639 in
353 1603 483 1649 spiritu
508 1612 589 1637 vero
616 1613 771 1637 crescens
797 1612 912 1636 coram
937 1601 1022 1635 Deo.

61 1666 158 1709 335,
221 1663 322 1699 Unde
347 1661 594 1709 parentibus
620 1661 723 1703 dixit,
750 1663 800 1696 ut
826 1660 1021 1695 scientibus

291 1723 401 1758 libros
426 1722 735 1762 committatur,
763 1731 824 1765 per
850 1732 934 1766 quos
960 1719 1139 1754 doceatur.

222 1783 308 1818 Illi
328 1782 501 1833 'letissimi
527 1782 667 1826 graciae
694 1781 866 1815 altissimi

293 1843 432 1887 gracias
457 1843 618 1886 egerunt,
645 1839 736 1886 quod
762 1840 826 1874 hoc
853 1839 1053 1879 audierunt,

222 1903 270 1937 Et
294 1903 424 1937 notant
448 1902 583 1946 pariter
608 1910 832 1946 nequaquam
858 1899 1016 1934 inaniter

62 1966 160 2007 340,
292 1962 406 1997 Deum
432 1961 679 2006 inspirantem,
707 1959 893 2004 parvulum
919 1960 1117 2002 rogantem.

222 2021 311 2056 Erat
336 2020 582 2066 Gregorius,
609 2021 665 2055 cui
692 2019 948 2055 Bonifacius

294 2080 366 2116 fuit
392 2083 638 2116 antecessor
664 2091 727 2114 nec
752 2090 822 2114 non
849 2082 887 2114 et
911 2081 1104 2124 preceptor,

225 2139 293 2183 Qui
319 2140 529 2184 episcopium
556 2140 658 2181 rexit,
685 2138 811 2174 docens
836 2139 1015 2183 populum,

296 2200 445 2245 presulis
471 2200 600 2234 honore
626 2209 758 2240 carenS,
784 2209 853 2233 non
880 2197 1019 2239 labore;

66 2261 164 2303 345,
226 2259 346 2295 Abbas
369 2258 618 2294 tantummodo
647 2259 814 2303 populum
841 2256 1097 2303 quodammodo

298 2319 334 2353 in
361 2318 624 2353 christianismo
650 2317 853 2352 instruebat
877 2316 1032 2352 Christo.

229 2389 391 2424 Traieeto
416 2389 566 2434 positus,
592 2378 637 2419 ut
668 2390 714 2419 ex
745 2377 863 2419 libris
894 2377 1079 2419 novimus
1097 2376 1125 2427 ³,

297 2447 456 2483 studium
483 2448 654 2483 scolarum
680 2447 809 2482 habuit
833 2447 1039 2492 preclarum,

229 2509 282 2550 Et
312 2508 379 2551 hic
412 2508 629 2563 Gregorius
666 2508 745 2550 fuit
776 2507 1046 2550 amicissimus

90 2581 187 2623 350.
295 2580 524 2634 parentelae
556 2580 624 2621 isti
657 2579 831 2621 karitate
864 2577 1029 2620 Christi.

160 2687 241 2722 313.
268 2686 344 2720 viso
370 2697 461 2721 corr.
489 2697 556 2721 aus*
580 2685 656 2720 uiso
686 2685 724 2721 T.
753 2705 793 2711 -
821 2684 900 2719 315.
927 2694 1015 2719 corr.
1042 2683 1083 2718 ‘in
1120 2682 1249 2717 cortice
1278 2681 1317 2717 T.
1346 2701 1389 2705 —
1415 2682 1494 2716 328.
1521 2680 1571 2714 lo-

25 2746 169 2791 quentis
194 2757 285 2782 corr.
313 2746 353 2780 T.
382 2765 422 2769 --
450 2746 530 2780 334.
559 2756 714 2780 crescens
740 2755 828 2780 corr.
860 2743 899 2778 T.
927 2762 969 2767 —
996 2743 1075 2777 336.
1102 2742 1294 2776 comitatur
1321 2741 1360 2775 Τ.

164 2876 199 2919 1)
225 2875 311 2911 Vita
336 2875 364 2911 Ι.
391 2886 418 2911 c,
446 2876 477 2911 8.
508 2895 543 2900 ο-
583 2876 618 2920 2)
645 2875 726 2909 Luc.
755 2876 785 2915 1,
812 2874 877 2915 41;
917 2871 990 2916 vgl.
1017 2871 1093 2906 vita
1119 2871 1184 2905 III.
1221 2881 1249 2906 c.
1274 2871 1307 2905 3.
1349 2890 1390 2894 -—
1428 2871 1464 2915 3)
1492 2870 1573 2912 Vgl.

24 2932 80 2969 die
105 2932 329 2978 Einleitung.

1298 2990 1350 3030 10
