1864 3213
435 153 610 196 Altfridi
641 153 727 195 vita
757 166 788 195 s.
822 153 1018 208 Liudgeri
1050 153 1122 195 lib.
1155 153 1188 194 I.
1535 152 1588 194 21

179 272 273 313 17³.
306 270 498 314 Albricus
530 271 666 312 autem
699 283 789 313 cum
821 271 862 311 in
896 269 1060 312 Colonia
1093 270 1286 313 civitateb
1318 270 1493 324 gradum
1524 282 1592 313 ac-

31 342 206 396 cepisset
227 341 494 395 episcopalem
512 343 539 391 ¹,
572 341 670 383 fecit
692 342 757 382 etC
779 341 1059 395 Liudgerumd
1081 353 1216 384 secum
1239 340 1470 394 presbiterii
1497 353 1589 394 per-

33 413 167 467 cipere
198 413 372 475 gradum
419 413 460 454 et
505 412 717 454 constituit
763 425 853 454 eum
901 412 1103 454 doctorem
1150 412 1365 454 aecclesiae
1412 412 1454 453 in
1485 424 1589 466 pago

1625 270 1727 312 777.

33 483 280 526 Ostrachaee
313 485 355 524 in
386 483 484 533 loco,
517 483 587 524 ubi
619 483 782 525 sanctus
828 483 1088 525 Bonifaciusf
1117 483 1176 525 est
1207 483 1416 524 coronatus
1448 483 1590 524 marti-
1613 504 1672 540 gg,
1698 504 1754 540 11.

32 554 163 597 riog2.
216 554 447 608 Divisitque
478 553 586 595 idem
617 553 809 596 Albricus
854 566 1005 595 annum
1051 554 1093 595 in
1137 553 1442 595 distributiones
1474 554 1590 607 quat-

30 626 136 676 tuor,
168 626 227 667 ita
257 625 303 666 ut
333 625 378 666 in
409 624 594 666 Traiecto
625 623 868 666 monasterio
908 637 1003 678 prae
1045 625 1189 666 ceteris
1231 624 1471 678 praepositis
1503 624 1589 677 ipse

32 696 75 737 in
106 697 285 749 tempore
316 695 472 738 vernali
503 695 546 736 in
578 695 782 737 doctrinae
814 694 948 737 studio
981 695 1021 736 et
1052 696 1213 737 sanctae
1245 695 1558 737 conversationis
1569 696 1588 722 ¹¹

32 768 235 821 praeesset
265 767 461 810 fratribus
483 779 640 809 menses
661 766 745 809 tres
756 767 779 817 i,
812 766 956 808 deinde
987 767 1077 820 post
1098 778 1188 808 eum
1212 766 1253 807 in
1285 767 1436 808 aestate
1458 765 1589 808 Adal-

29 851 105 893 ger
136 837 335 897 presbiter
380 838 423 878 in
455 838 542 879 vice
589 850 661 879 sua
705 840 862 878 menses
894 837 1018 888 tresk‚
1067 837 1156 890 post
1202 837 1307 879 hunc
1339 836 1589 891 Liudgerus¹

30 909 230 963 presbiter
261 922 418 951 menses
439 910 572 961 tresm,
604 908 748 950 deinde
780 908 823 949 in
854 908 1015 950 hiemen
1047 907 1359 949 Thiadbraht03
1391 908 1589 961 presbiter

31 969 198 1022 menses
220 980 316 1022 tres.

178 1051 271 1093 181³.
305 1044 559 1105 Liudgerus'q
592 1049 719 1108 igitur
750 1050 793 1091 in
823 1049 964 1092 ordine
996 1050 1095 1092 vicis
1128 1062 1223 1092 suae
1245 1049 1451 1092 nocturnis
1484 1050 1587 1090 tem-

30 1122 195 1176 poribus
225 1123 316 1175 post
363 1121 632 1175 psalmodiam
679 1121 720 1163 et
764 1120 965 1163 orationes
1012 1120 1244 1174 specialesr‚
1293 1133 1390 1174 quas
1433 1132 1590 1173 semper

30 1194 251 1244 amaverat,
285 1192 326 1233 in
359 1192 504 1236 solario
536 1192 753 1234 aecclesiae
802 1192 933 1233 sancti
979 1191 1214 1243 Salvatoris‚
1263 1204 1382 1245 quam
1425 1191 1587 1233 sanctus

28 1263 321 1306 Willibrordus
353 1263 628 1306 construxerat
640 1264 669 1313 4,
714 1263 897 1305 membra
929 1255 1055 1316 quieti
1088 1249 1185 1304 dare
1215 1262 1401 1304 solebatS.
1437 1261 1519 1304 Ubi
1551 1261 1588 1303 ei

172 1400 188 1417 a
213 1391 392 1435 Quomodo
410 1391 564 1426 albricus
582 1393 660 1426 crat
689 1390 735 1436 (Ρ)
765 1419 770 1425 .
800 1418 807 1426 .
835 1418 842 1426 .
872 1391 1230 1436 C'apitelz'lbersclwist
1246 1391 1280 1426 L
1290 1405 1298 1433 ;
1324 1392 1406 1426 hein
1433 1391 1588 1437 (Ἀμαρῖ-

28 1451 173 1497 anfaozq
198 1451 293 1486 Bon.
319 1451 458 1494 Leibm·
490 1462 569 1496 cap.
589 1453 632 1485 15
645 1451 765 1486 Perta.
787 1471 829 1476 —-
858 1451 875 1477 b
901 1451 929 1495 f.
961 1451 1018 1486 W.
1050 1472 1092 1476 -—
1123 1459 1137 1477 ⁰
1163 1452 1189 1495 f.
1220 1451 1255 1486 S.
1284 1471 1327 1475 —
1353 1451 1370 1477 <1
1388 1451 1496 1496 Lutg.
1529 1451 1586 1486 W.

31 1531 74 1535 -—
101 1517 115 1536 e
140 1510 334 1545 Aestrache
359 1509 402 1551 S3
430 1510 485 1544 cui
511 1509 638 1544 nomen
665 1509 834 1545 Ostrache
858 1510 916 1544 W.
943 1529 986 1534 ——
1012 1510 1026 1536 f
1047 1509 1252 1545 Bonifatius
1284 1510 1339 1545 W.
1370 1530 1412 1535 —-
1439 1519 1455 1544 g
1480 1513 1586 1546 mart.

29 1571 85 1604 est
110 1579 177 1603 cor.
209 1568 266 1603 W.
295 1588 338 1593 —
374 1568 392 1594 h
428 1569 599 1603 scientiae
626 1570 893 1604 conversatione
919 1568 956 1604 S.
996 1588 1039 1594 —
1078 1569 1087 1594 i
1112 1569 1179 1603 ΙΙΙ.
1207 1569 1284 1603 und
1321 1569 1477 1604 clm-uber
1502 1573 1585 1612 tres,

29 1629 122 1663 auch
146 1628 200 1663 bei
224 1628 293 1662 den
317 1628 396 1663 ἄνεί
419 1628 621 1673 folqemlen,
647 1628 693 1663 L.
721 1647 763 1651 —
790 1628 807 1653 k
832 1639 878 1662 m.
905 1630 978 1662 tres
1004 1628 1043 1662 in
1077 1639 1109 1664 r.
1136 1638 1198 1662 sua
1220 1628 1256 1663 S.
1285 1647 1328 1652 —
1353 1628 1362 1653 1
1388 1629 1495 1673 Lutg.
1529 1629 1586 1664 W.

31 1707 75 1711 —-
101 1695 126 1712 11¹
150 1686 179 1721 S
201 1697 229 1721 s.
254 1687 286 1721 h.
313 1687 351 1720 in
377 1688 558 1721 autumno.
586 1707 629 1711 —
655 1694 672 1711 11
699 1686 803 1730 hyme
827 1685 891 1728 W3
918 1686 1044 1730 hyeme
1073 1685 1111 1722 S.
1139 1706 1182 1711 -—
1207 1694 1221 1712 0
1242 1687 1434 1722 Thiatbrat
1458 1688 1514 1723 W.
1542 1708 1587 1713 -

28 1754 46 1778 1>
75 1745 164 1790 Cap.
189 1748 233 1780 16
257 1746 378 1781 Perta.
405 1765 449 1770 ——
475 1754 492 1778 <i
518 1745 625 1789 Lutg.
659 1745 714 1780 W.
744 1765 787 1771 -
812 1753 826 1772 r
850 1746 878 1789 f.
911 1745 968 1780 W.
989 1765 1032 1769 —
1058 1754 1071 1771 S
1090 1740 1319 1781 cbnsueverat
1351 1746 1406 1800 W.

173 1898 206 1942 1)
233 1899 276 1933 In
302 1898 361 1933 der
388 1898 555 1933 Urkunde
581 1899 687 1934 Karls
713 1899 772 1933 des
798 1898 949 1934 Grossen
976 1899 1033 1933 fiir
1052 1900 1108 1934 die
1126 1900 1307 1934 utrechter
1334 1899 1388 1935 St.
1414 1901 1586 1936 Martius-

29 1958 149 1993 kirehe
180 1969 248 1993 von
280 1959 346 1993 777
373 1958 459 1993 Juni
494 1960 512 1993 7
539 1959 689 2001 (Sickeh
715 1958 806 1994 Acta
832 1959 1084 1994 Karolinorum
1109 1959 1156 1994 ΙΙ.
1186 1960 1243 2004 62)
1275 1959 1388 1994 heisst
1418 1960 1586 1995 Alberich

27 2018 117 2053 noch
128 2017 313 2063 presbyter
327 2020 435 2062 atque
451 2018 583 2052 electus
594 2021 707 2053 rector
718 2032 726 2060 3
749 2018 896 2053 Bischof
911 2030 941 2054 v.
963 2018 1049 2054 C'oln
1064 2030 1134 2054 war
1147 2019 1439 2054 wahrscheinlich
1453 2020 1585 2055 Riculf.

171 2077 207 2121 ⁶2)
233 2077 300 2111 Die
326 2076 455 2111 Kirche
493 2088 566 2111 war
591 2077 673 2111 bald
708 2078 798 2112 nach
837 2077 916 2112 dem
954 2077 1049 2112 Tode
1088 2078 1147 2113 des
1185 2078 1233 2112 hl.
1272 2078 1478 2114 Bonifatius
1504 2079 1585 2115 dort

29 2135 166 2178 erbaut,
194 2136 264 2180 vgl.
281 2135 485 2170 Willibalcls
504 2137 580 2171 vita
599 2149 625 2172 s.
643 2136 760 2172 Bonis.
788 2148 816 2172 c.
835 2138 856 2172 9
883 2137 953 2182 (bei
979 2137 1087 2171 Jaffe:
1114 2137 1208 2172 Bibl.
1227 2138 1293 2172 III.
1324 2138 1491 2183 [Monuni.
1510 2139 1585 2173 Mo-

28 2195 197 2239 guntina]
226 2206 257 2239 p.
282 2195 353 2230 470
370 2195 409 2240 f.)
435 2195 507 2230 und
533 2195 589 2231 die
617 2196 692 2230 vita
717 2208 742 2231 s.
774 2195 891 2231 Bonif.
934 2207 1001 2230 von
1028 2195 1106 2230 dem
1131 2196 1319 2241 presbyter
1345 2197 1585 2233 Traiectensis

28 2253 154 2297 (Jaffet
180 2253 272 2289 Bibl.
300 2254 368 2288 III.
395 2255 490 2299 5043).
528 2255 583 2289 An
622 2255 805 2290 derselben
829 2255 959 2290 Kirche
985 2255 1089 2290 hatte
1115 2256 1205 2290 auch
1231 2256 1293 2291 der
1317 2256 1366 2290 hl.
1392 2256 1584 2298 Willehad‚

29 2312 90 2347 der
115 2315 253 2357 spatere
278 2315 370 2348 erste
396 2313 542 2347 Bischof
576 2324 643 2348 von
670 2314 829 2355 Bremen,
868 2315 1032 2359 gewirkt,
1070 2326 1097 2349 S.
1122 2314 1279 2350 Anskars
1305 2315 1382 2350 vita
1407 2327 1432 2350 s.
1461 2315 1586 2351 Wille·

28 2373 114 2409 hadi
140 2385 166 2408 c.
193 2375 214 2409 2
241 2374 348 2418 (Mon.
375 2373 491 2409 Germ.
518 2375 602 2410 hist.
631 2375 690 2410 SS.
717 2376 765 2410 ΙΙ.
792 2376 886 2420 380).

170 2434 205 2477 3)
232 2432 421 2468 Gitlbauer
447 2433 503 2477 (de
529 2433 602 2469 cod.
629 2435 706 2469 Liv.
734 2434 966 2469 Vindobonae
1004 2434 1093 2470 1876
1119 2445 1153 2479 p.
1179 2434 1309 2479 2—21)
1335 2433 1414 2468 halt
1440 2434 1502 2468 ihn
1528 2433 1586 2469 fiir

29 2491 97 2527 (len
124 2492 309 2527 Theodard
347 2496 552 2537 genannten
585 2493 802 2538 Nachfolger
826 2482 1012 2529 Alberichs
1038 2493 1111 2528 und
1149 2493 1276 2528 ebenso
1313 2491 1490 2527 identisch
1515 2493 1584 2528 mit

26 2550 108 2586 dem
134 2551 292 2586 Besitzer
317 2551 378 2586 der
403 2554 522 2596 spater
548 2553 639 2587 nach
664 2553 796 2588 Lorsch
821 2552 1077 2597 gekommeneli
1101 2553 1244 2588 Wiener
1267 2551 1354 2588 Hds.
1379 2551 1440 2586 des
1458 2552 1582 2586 Livius

26 2610 118 2646 nach
145 2610 205 2645 der
229 2611 421 2646 Inschrift:
463 2611 556 2652 „Iste
594 2611 700 2647 codex
736 2614 791 2647 est
817 2612 1028 2647 Theatberti
1055 2611 1209 2656 episcopi
1236 2610 1277 2645 de
1302 2611 1518 2652 Dorostat“;
1545 2621 1583 2646 er

29 2669 79 2703 sei
105 2669 194 2704 nach
221 2668 300 2703 dem
325 2669 462 2704 damals
488 2670 577 2704 noch
603 2669 883 2705 schwankenden
910 2670 1115 2705 Gebrauche
1133 2669 1279 2704 Bischof
1303 2671 1474 2714 gemunt,
1501 2668 1583 2703 weil

29 2738 66 2762 er
91 2727 316 2763 bischofliehe
342 2728 476 2763 Rechte
504 2729 588 2763 ubte
626 2729 723 2773 (Vgl.
762 2729 1019 2764 Wattenbach:
1059 2728 1321 2764 Deutschlands
1358 2728 1583 2764 Geschichts-

29 2787 170 2832 quellen
197 2787 225 2822 1.
250 2788 282 2822 4.
309 2787 401 2822 Aufl.
425 2787 459 2822 S.
488 2789 554 2823 199
580 2787 620 2823 Α.
647 2789 696 2832 3).
746 2788 836 2823 Dem
873 2789 1026 2823 letztern
1063 2787 1309 2833 widerspricht
1344 2787 1499 2822 offenbar
1525 2787 1582 2822 die

28 2845 106 2880 vita
132 2844 295 2889 Gregorii
321 2847 385 2881 wie
412 2845 468 2880 die
494 2846 571 2880 vita
597 2857 623 2881 s.
649 2845 822 2890 Liudgeri
847 2846 889 2891 (s.
914 2847 949 2882 S.
977 2848 1020 2882 13
1045 2846 1087 2881 A.
1115 2848 1134 2882 1
1160 2858 1193 2882 u.
1221 2847 1255 2882 S.
1283 2846 1354 2890 15).

168 2905 206 2948 4)
231 2904 281 2940 Zu
306 2904 467 2940 Utrecht.
495 2905 576 2949 Vgl.
611 2904 678 2940 den
715 2905 817 2941 Brief
851 2905 911 2941 des
947 2906 998 2940 hl.
1035 2905 1240 2941 Bonifatius
1278 2916 1323 2941 an
1364 2905 1431 2941 den
1467 2905 1582 2950 Papst

1637 552 1721 587 409.

1624 1039 1647 1080 7
1656 1038 1864 1082 77-784.
