1801 3213
734 647 806 700 A.

568 767 978 836 Gedichte.

740 1022 787 1072 I.

371 1143 486 1196 Das
531 1141 882 1209 Lobgeslicht
925 1140 1160 1208 Uffings.

199 1268 369 1323 Singula
402 1267 451 1309 de
483 1266 655 1321 propriis
686 1279 756 1319 per
789 1265 985 1307 mundum
1018 1265 1175 1307 moenia
1209 1265 1362 1307 sanctis

204 1340 248 1382 Si
281 1339 433 1381 tollunt
466 1338 634 1388 animos,
665 1337 758 1378 illos
789 1336 979 1378 habitura
1012 1338 1212 1389 patronos,

200 1409 425 1452 Werclhina
457 1422 527 1451 cur
559 1408 737 1450 similem
774 1420 853 1449 non
885 1408 1010 1449 sumit
1042 1407 1083 1448 in
1115 1407 1254 1449 ordine
1286 1407 1466 1449 sortem?

200 1481 401 1523 Planities
433 1480 615 1531 humilis,
650 1479 846 1534 Liudgeri
877 1478 1021 1520 florida
1053 1478 1187 1530 vallis,

76 1556 116 1596 ὃ.
200 1552 288 1605 Qua
321 1551 427 1606 sapit
458 1551 702 1601 antidotum,
734 1549 804 1603 qui
835 1550 1008 1603 pectoris
1040 1549 1175 1603 expiat
1205 1551 1396 1595 antrum:

199 1623 333 1666 Huius
364 1624 407 1664 in
439 1623 614 1677 angusta
645 1634 814 1675 pausam
846 1620 926 1662 sibi
957 1622 1113 1662 censuit
1143 1620 1250 1663 aula.

201 1695 308 1737 Huic
341 1694 454 1748 cupit
484 1693 641 1748 ingenii
672 1692 806 1734 tenuis
838 1692 1064 1734 scintillula
1096 1692 1223 1733 nostri

203 1766 387 1813 Scribere
418 1765 515 1819 quid
547 1764 704 1818 placiti,
737 1765 772 1805 si
803 1776 882 1805 non
913 1763 968 1805 sit
998 1763 1142 1817 indiga
1173 1762 1290 1805 fandi

205 1838 390 1892 Linguae
420 1836 642 1886 rusticitas,
674 1835 858 1889 quamvis
890 1828 980 1876 non‘
1000 1846 1182 1887 promere
1214 1833 1362 1888 dignas

53 1911 118 1952 10.
205 1908 392 1951 Sufficiat
422 1907 576 1949 laudes.
622 1907 794 1959 Superas
827 1905 895 1959 qui
926 1918 1033 1947 nunc
1063 1905 1176 1946 tenet
1207 1917 1331 1956 arces,

201 1979 372 2021 Initiare
402 1979 536 2020 locum
567 1977 722 2031 primus
754 1976 821 2018 hic
857 1977 1043 2029 coeperat
1074 1976 1212 2027 istum,

202 2050 410 2092 Incultum
427 2051 454 2100 1,
486 2049 738 2099 horribilem,
779 2047 935 2090 Cereali
967 2047 1094 2101 stirpe
1125 2048 1344 2098 carentem,

204 2120 427 2176 Saetigeris
457 2121 618 2162 tantum
651 2119 781 2173 porcis
814 2119 853 2160 et
884 2118 1061 2161 lincibus
1093 2119 1247 2172 aptum,

205 2192 352 2247 Gignit
383 2204 474 2234 cum
506 2190 631 2232 variis
661 2191 849 2232 heremus
882 2202 982 2243 quae
1013 2189 1190 2243 plurima
1221 2189 1426 2231 monstris.

54 2265 121 2307 15.
207 2263 398 2306 Sentibus
431 2262 602 2316 explosis
633 2262 795 2315 penitus
826 2261 1059 2314 spurcisque
1092 2260 1229 2313 piatis,

205 2335 351 2376 Fretus
382 2346 454 2388 ope
486 2330 650 2375 Domini
684 2331 807 2374 struit
842 2331 909 2374 hic
939 2331 1118 2385 magalia
1151 2331 1303 2373 Christi
1344 2356 1402 2361 —

136 2454 166 2487 1.
202 2455 289 2488 εὐαέι
312 2462 374 2496 per
399 2449 590 2484 mundum:
626 2449 657 2483 si
682 2447 841 2492 gaudent
866 2448 959 2483 Msc.
984 2450 1062 2483 136.
1096 2447 1195 2484 Oine.
1234 2467 1277 2472 -
1315 2450 1348 2483 3.
1374 2447 1549 2483 Werdena

0 2522 84 2547 corr.
110 2512 151 2546 in
175 2511 367 2546 Werthina
391 2509 483 2544 Msc.
509 2511 577 2543 136
589 2521 601 2552 ,·
637 2512 725 2543 statt
749 2518 827 2542 cur:
862 2508 963 2553 queis
987 2507 1116 2543 Leilm.
1144 2528 1188 2533 —-
1213 2509 1246 2543 4.
1272 2508 1429 2552 Ludgeri
1453 2508 1549 2543 Bozz.

0 2570 122 2606 Leibn.
151 2590 195 2594 —
221 2571 254 2605 5.
280 2568 522 2609 anthidotum,
549 2566 642 2615 quod
667 2567 856 2602 Msc.136.
885 2587 929 2591 —
955 2567 986 2602 6.
1012 2565 1122 2602 Cuius
1143 2566 1179 2602 O.
1209 2587 1253 2591 —
1280 2568 1310 2601 7.
1339 2567 1431 2602 Hinc
1456 2566 1548 2602 Msc.

0 2630 73 2664 136.
101 2628 209 2672 Cin05
235 2628 415 2663 sintillula
442 2627 542 2663 Oine.
566 2626 645 2661 und
668 2637 759 2661 corr.
786 2625 876 2661 DIsc.
899 2628 978 2660 136.
1007 2646 1051 2650 -
1078 2628 1132 2661 11.
1157 2626 1359 2671 primusque
1387 2625 1483 2661 Cina.
1506 2646 1548 2651 —

0 2686 52 2723 44.
79 2698 215 2722 eremus
242 2686 340 2722 Oine.
369 2706 412 2711 —-
440 2686 494 2720 16.
521 2685 704 2729 magnalia
729 2684 821 2720 Msc.
839 2687 909 2720 1-36
934 2685 1010 2719 und
1028 2685 1083 2720 als
1099 2685 1233 2721 Lesart
1258 2687 1312 2720 bei
1329 2685 1432 2728 Rom
1450 2685 1551 2720 iuxta

0 2746 207 2781 vaticinium
232 2746 338 2780 unius
362 2745 534 2790 prophete
560 2755 594 2780 α.
620 2744 667 2779 R.
693 2743 784 2780 Msc.
809 2746 889 2778 136.

141 2899 173 2943 1)
200 2898 282 2943 Vgl.
309 2898 387 2933 vita
411 2897 480 2933 111.
507 2908 534 2932 c.
562 2897 618 2932 38.
