1864 3213
54 392 179 435 1225.

51 686 177 729 1230.

52 991 178 1034 1235.

50 1286 177 1328 1240.

49 1617 174 1660 1245.

51 1913 175 1956 1250.

144 1984 200 2018 20.

49 2219 174 2262 1255.

168 2407 271 2442 1224.
307 2407 609 2442 Northmanniam
647 2406 749 2442 adiit.
783 2407 932 2451 Signum
958 2417 1047 2442 corr.
1074 2406 1152 2441 mul
1177 2406 1312 2449 dafstr:

432 155 532 197 Vita
564 155 713 210 rythm.
755 168 786 198 s,
825 154 1021 209 Liudgeri
1051 154 1123 199 1e†.
1153 154 1185 198 Ι.

241 272 319 308 Ista
343 272 535 317 inspiceret
560 274 597 307 et
621 283 700 306 mox
725 271 947 316 psalmum
974 270 1107 306 diceret

314 331 450 366 hunc:
480 331 705 375 „Exurgat
730 331 880 372 Deus“‚
905 330 980 365 Deo
1007 331 1100 365 certe
1126 329 1269 375 plenus:

241 390 355 426 Ecce
381 390 548 424 continuo
574 390 710 433 inipetu
736 389 930 424 clarissimo

311 448 447 483 fumum
473 448 532 482 lux
557 449 692 482 invasit
718 449 754 482 et
779 458 857 482 mox
884 447 1139 492 effugavit.

240 507 308 542 Ille
333 507 510 542 altissimo
535 506 657 540 laudes
682 506 772 540 ferre
799 507 948 540 Domino

312 566 462 601 socios
487 566 656 610 precepit,
683 566 776 600 sicut
800 566 874 609 ipse
899 565 996 606 fecit.

241 625 390 660 Lumine
415 625 618 666 Dominum,
645 624 803 673 tepebris
829 624 1010 659 diabolum

311 685 413 728 signo
440 683 584 728 speciali
610 683 728 718 dicens
754 683 946 727 designari,

239 742 387 787 Ingredi
411 742 613 783 Dominum,
640 741 763 786 egredi
789 741 980 782 diabolum,

310 802 493 836 inimicum
519 801 606 835 lucis
633 802 772 846 pulsum
798 802 900 845 siguo
926 801 1047 842 crucis,

241 860 298 895 Et
323 860 387 895 sic
413 861 623 895 alacriter
649 863 685 894 et
711 860 865 894 multum
891 860 1052 895 celeriter

310 932 530 966 transmeato
565 931 666 971 mari,
698 921 915 961 anchoram
946 921 1054 971 navi,

241 990 444 1026 Intratur
470 990 630 1031 insula,
657 991 786 1024 sonant
812 990 1009 1034 euangelia,

310 1049 492 1094 spargitur
517 1048 648 1093 ubique
673 1049 800 1082 statim
826 1059 945 1083 semen
972 1050 1077 1083 vitae.

239 1108 343 1144 Sator
367 1109 590 1152 omnipotens
615 1106 832 1151 Liudgerum
857 1108 1076 1152 preveniens,

308 1166 353 1202 ad
377 1166 548 1210 Liudgeri
576 1166 703 1200 verba
729 1167 932 1211 preparavit
957 1166 1070 1209 corda,

237 1225 330 1260 Nam
355 1227 491 1260 mentes
518 1236 579 1260 om
590 1225 689 1260 nium
720 1237 839 1260 semen
865 1226 1110 1270 euangelicum

310 1286 364 1320 ita
390 1287 629 1329 susceperunt,
657 1285 749 1330 quod
775 1296 854 1319 mox
878 1285 1117 1327 crediderunt,

236 1344 311 1379 Nec
335 1355 432 1379 mora
457 1345 578 1389 aliqua
604 1344 646 1379 de
671 1345 842 1389 baptismi
868 1345 999 1388 gracia,

309 1404 380 1446 ubi
412 1404 607 1447 animales
639 1405 740 1447 faeti
772 1405 989 1458 spiritales.

238 1486 344 1532 Ipse
384 1475 461 1516 (lux
492 1487 702 1528 insulae,
735 1477 889 1529 primus
923 1478 1061 1517 extans
1093 1475 1232 1517 ordine

312 1546 508 1588 credendo
539 1547 581 1587 in
614 1546 835 1597 Christum,
869 1546 1059 1587 intrando
1090 1545 1352 1599 baptismum,

236 1616 415 1660 Liudgero
440 1616 555 1650 filiu
565 1627 599 1650 m
625 1617 663 1650 in
688 1616 861 1661 baptismi
886 1616 1066 1651 lavacrum

308 1687 326 1710 ο
337 1687 359 1720 p
370 1678 386 1710 t
396 1676 475 1710 ulit
500 1675 730 1719 mergendum
755 1674 907 1720 indeque
937 1675 976 1709 le
988 1687 1008 1709 v
1020 1686 1040 1709 a
1052 1687 1074 1709 n
1086 1674 1107 1709 d
1119 1686 1141 1709 u
1150 1685 1203 1718 m3

236 1735 265 1778 Q
274 1746 298 1770 u
308 1746 368 1770 em
394 1734 511 1779 presul
536 1745 558 1778 p
568 1745 586 1768 o
598 1736 666 1768 ste
676 1745 696 1768 a
722 1735 899 1768 nutritum
925 1733 969 1768 ad
995 1734 1132 1778 optima

308 1793 524 1838 profectibus
549 1793 633 1827 letis
662 1804 709 1837 pr
720 1803 736 1827 e
746 1805 761 1827 s
771 1792 792 1826 b
805 1793 815 1827 i
827 1795 843 1827 t
854 1803 872 1827 e
883 1804 974 1827 rum
1000 1793 1096 1835 fecit,

237 1852 479 1887 Lanaricus
504 1852 643 1897 proprio
671 1852 731 1897 qui
757 1851 829 1886 fuit
853 1862 905 1886 vo
918 1863 963 1886 ca
975 1851 997 1886 b
1009 1853 1084 1886 ulo

312 1913 407 1955 olim
434 1923 658 1965 nominatus,
698 1912 854 1966 quando
885 1912 1128 1965 baptizatus.

237 1983 358 2018 Vellet
382 1984 467 2018 tunc
492 1982 656 2027 protinus
682 1982 785 2016 homo
811 1981 1038 2017 beatissimus

307 2042 376 2077 ire
401 2053 463 2087 pro
489 2041 669 2076 salvandis
695 2041 838 2075 etiam
863 2041 1216 2083 Nortlimannis¹‚

236 2101 316 2136 Nisi
341 2112 416 2135 rex
440 2100 641 2134 Karolus
667 2100 772 2134 huius
797 2101 849 2134 roi
875 2100 1032 2134 conscius

307 2159 452 2194 fortiter
478 2160 651 2200 iussisset,
678 2170 722 2193 ne
747 2161 834 2193 tune
858 2159 944 2193 illuc
970 2159 1068 2199 isset,

236 2220 290 2262 Et
321 2229 543 2276 quoddam
569 2230 791 2264 somnium
818 2219 899 2260 iam
932 2219 1102 2260 terreret
1133 2218 1313 2260 animum
1329 2219 1357 2270 2,

308 2289 391 2324 olim
418 2289 511 2335 quod
537 2288 710 2331 videbat,
736 2289 820 2324 olim
847 2288 940 2334 quod
965 2288 1130 2323 timebat.

1503 154 1586 197 173

1360 2406 1580 2440 Phosetanos

26 2464 129 2507 adiit,
166 2466 243 2500 und
267 2477 336 2501 von
362 2466 517 2501 ander-er
552 2466 692 2501 Hand:
729 2465 792 2500 dat
826 2465 930 2500 landt
956 2467 993 2500 to
1018 2465 1169 2500 Borsten
1208 2467 1251 2507 (s.
1280 2465 1317 2500 S.
1345 2468 1393 2500 :26
1418 2477 1454 2500 η.
1479 2466 1518 2508 lc)
1545 2477 1578 2500 α.

25 2524 72 2560 R.
100 2525 139 2559 T.
169 2545 211 2550 —-
238 2526 340 2560 1253.
365 2525 471 2560 Nnisi
499 2526 539 2560 T.

166 2658 184 2691 1
227 2656 314 2691 Vita
339 2656 387 2691 ΙΙ.
414 2667 442 2691 ο.
470 2657 525 2691 19.

166 2657 201 2760 23
227 2715 294 2750 Die
319 2715 465 2750 friihern
491 2715 588 2750 vitae
618 2715 757 2750 konnen
791 2714 911 2750 diesen
949 2714 1256 2759 Zusammenhang
1289 2713 1349 2749 (les
1387 2714 1578 2758 Traumge-

25 2773 156 2809 sichtes
180 2775 250 2809 mit
274 2774 353 2810 dem
378 2775 490 2809 Plane
516 2774 576 2809 der
601 2774 1036 2818 Normannenbekehrung
1074 2774 1194 2815 nicht;
1233 2773 1321 2807 doch
1358 2773 1456 2807 reiht
1489 2773 1578 2807 auch

25 2831 82 2867 die
107 2834 185 2868 vita
209 2834 258 2868 ΙΙ.
284 2844 312 2869 c.
339 2834 382 2869 19
407 2833 510 2869 beide
536 2834 762 2869 aneinander.
814 2835 855 2869 In
892 2833 953 2868 der
990 2833 1195 2878 Erziihlung
1227 2833 1319 2877 folgt
1345 2833 1405 2868 der
1430 2833 1579 2868 Dichter

25 2890 86 2926 der
111 2893 188 2928 vita
211 2893 280 2928 111.
307 2904 334 2929 c.
361 2894 417 2929 24.
