1801 3213
506 142 708 186 Cincinnii
738 144 825 186 vita
854 157 884 186 s.
919 143 1124 198 Liudgeri.
1510 144 1594 186 257

261 259 480 303 Cincinnus
513 261 647 303 studio
679 261 812 316 vigili.
876 260 1074 314 Cultuque
1108 261 1247 302 decoro

331 331 565 382 Concinnat,
598 345 737 385 sparsa
770 346 848 386 que
881 333 1037 374 iacuere
1068 332 1192 386 prius.

261 402 438 457 Ludgeri
469 403 702 444 innumeras
733 403 919 454 virtutes,
951 403 1101 457 optime
1132 403 1271 453 lector,

328 473 512 527 Perlege,
545 473 614 514 sed
646 473 813 515 meritas
850 474 972 515 redde
1003 474 1068 516 vel
1100 474 1184 527 ipse
1216 473 1364 527 grates,

188 555 406 610 Religiosis
436 557 480 597 in
513 555 670 597 Christo
702 556 897 597 fratribus
939 568 985 598 ac
1026 556 1111 597 Deo
1147 556 1300 597 devotis
1332 555 1429 597 viris
1461 567 1597 596 mona-
1641 548 1643 550 ³

48 626 134 668 chis
165 638 211 668 ac
252 626 448 668 cenobitis
494 626 668 680 insignis
713 627 948 668 monasterii
994 627 1078 668 divi
1127 627 1305 681 Ludgeri
1352 627 1525 680 episcopi
1557 627 1598 667 et

48 696 285 739 confessoris
315 697 356 738 in
389 697 605 739 Werthina
644 697 847 739 Joannnes
889 696 1124 739 Cincinnius
1165 697 1214 738 de
1247 696 1391 751 Lippia
1422 697 1596 739 dominis

47 768 130 810 suis
162 769 335 810 salutern
368 769 407 809 et
438 768 749 809 observantiam.

187 839 400 880 Exhortati
432 839 528 880 estis
560 851 624 880 me
656 851 926 892 sepenumero,
968 839 1121 880 domini
1152 852 1198 880 ae
1231 840 1483 892 preceptores
1515 839 1597 880 mei

48 909 334 960 colendissimi,
367 921 524 962 unaque
556 909 762 951 vobiscum
795 910 865 950 alii
896 910 1075 963 plerique
1107 910 1198 960 viri,
1232 911 1278 951 ut
1310 910 1438 951 vitam
1469 909 1598 951 nostri

45 980 232 1022 tutelaris
265 980 351 1022 divi
382 980 560 1034 Lu'dgeri
592 980 828 1022 confessoris
859 981 900 1021 et
921 980 1135 1033 pontificis,
1169 981 1274 1022 sicut
1306 981 1347 1021 in
1369 980 1461 1022 aliis
1483 993 1597 1022 sane-

46 1052 178 1093 torum
203 1051 298 1093 vitis
322 1050 411 1092 ’13111
444 1050 531 1092 fieri
553 1051 753 1092 cernimus
771 1053 798 1102 ¹,
830 1052 1036 1104 prestante
1059 1051 1446 1105 chalcographorum
1479 1063 1597 1104 opera

45 1123 87 1163 in
118 1122 326 1176 publicum
359 1122 504 1164 ducere
536 1134 730 1172 curarem,
775 1134 849 1175 quo
881 1122 1051 1163 celebris
1091 1122 1199 1163 tanti
1231 1122 1306 1163 Dei
1340 1121 1416 1163 viri
1446 1133 1597 1163 memo-

45 1193 118 1244 ria,
151 1193 304 1247 inclyte
335 1192 507 1234 virtutes
549 1195 590 1234 et
621 1194 760 1234 sancta
806 1193 891 1234 61113
936 1193 1225 1246 auxiliariaque
1273 1193 1418 1234 merita
1464 1192 1597 1247 magis

45 1263 152 1317 apud
184 1263 374 1304 mortales
406 1263 542 1316 palam
575 1263 718 1304 fierent
757 1264 797 1304 et
830 1263 953 1305 latius
986 1264 1315 1317 propagarentur,
1348 1275 1469 1316 eoque
1500 1263 1598 1305 ube-

44 1334 126 1376 rior
157 1334 247 1375 13113
279 1334 356 1376 Dei
388 1334 513 1375 nostri
545 1334 688 1387 optimi
717 1334 884 1375 maximi
916 1334 1010 1376 inde
1042 1334 1298 1376 redundaret.
1362 1333 1448 1386 Qua
1480 1333 1523 1374 in
1553 1346 1597 1374 re

45 1406 208 1459 quidem
239 1406 321 1447 tam
356 1406 422 1458 pia
454 1405 549 1445 dum
582 1405 708 1455 vobis,
752 1406 796 1445 ut
828 1418 901 1458 par
932 1405 1024 1456 fuit,
1072 1405 1236 1458 obsequi
1267 1417 1495 1458 moremque
1527 1416 1598 1458 ge-

44 1489 130 1518 rere
163 1488 358 1527 curarem,
391 1489 464 1517 nec
496 1488 574 1516 non
605 1475 753 1527 omnia,
787 1488 862 1529 que
892 1477 998 1529 apud
1030 1489 1101 1518 nos
1133 1477 1226 1517 sunt
1258 1475 1501 1528 exemplaria
1531 1488 1598 1517 ac-

45 1548 182 1589 curate
213 1547 499 1600 perlustrarem
534 1547 574 1588 et
604 1546 685 1587 iam
728 1559 852 1588 unum
884 1547 948 1589 vel
990 1547 1101 1588 aliud
1134 1547 1284 1601 eligere
1316 1546 1486 1597 vellem,
1519 1558 1598 1587 11011

44 1631 170 1660 unum
202 1617 363 1671 quidem
395 1617 586 1667 111161119,
635 1617 739 1671 quod
786 1618 915 1660 solum
963 1618 1006 1659 in
1052 1619 1237 1660 omnibus
1268 1618 1481 1660 historiam
1513 1618 1598 1659 eius

44 1689 245 1731 abundius
276 1688 378 1729 mihi
409 1688 496 1730 sine
527 1687 607 1729 alio
649 1688 928 1740 satisfaceret,
975 1689 1134 1742 quando
1180 1689 1245 1730 vel
1285 1689 1358 1731 hoc
1391 1688 1598 1742 quidpiam

44 1761 262 1810 enarraret,
305 1758 410 1813 quod
442 1758 546 1799 illud
577 1759 771 1812 preterire
803 1760 979 1810 videtur,
1022 1759 1088 1801 vel
1119 1760 1200 1800 iam
1233 1759 1343 1801 istud
1375 1759 1596 1812 quidpiam,

45 1830 149 1885 quod
179 1843 257 1872 non
289 1830 485 1879 alterum;
519 1842 616 1883 eque
648 1831 766 1884 atque
806 1830 854 1871 fit
885 1831 927 1871 in
960 1819 1128 1884 quatuor
1160 1830 1327 1872 ecclesie
1359 1830 1596 1885 euangeliis.

44 1902 169 1944 Porro
201 1901 269 1954 qui
300 1900 397 1942 olim
430 1900 557 1942 vitam
600 1901 684 1943 61113
726 1901 1071 1955 conscripserunt,
1120 1902 1285 1943 fuerunt
1316 1901 1394 1943 viri
1426 1901 1599 1955 preclari

43 1974 196 2027 pariter
227 1973 268 2014 et
289 1973 433 2023 sancti,
466 1985 634 2026 quorum
667 1973 814 2026 quippe
843 1972 1062 2014 auctoritas
1095 1985 1287 2027 magnam
1310 1973 1424 2014 nobis
1454 1972 1497 2013 in
1519 1971 1595 2023 his,

44 2044 113 2098 qui
145 2043 403 2097 scripserunt,
436 2044 522 2085 veri
553 2043 674 2085 fidem
710 2044 887 2097 prestat:
940 2053 1257 2097 Othelgrimus
1276 2054 1504 2089 videlicet
1535 2043 1596 2084 fa-

41 2115 341 2157 miliarissimus
373 2126 472 2159 61113
498 2125 762 2170 discipulus,
785 2125 1016 2160 Altfridus
1047 2115 1192 2156 tertius
1225 2125 1596 2160 Monasteriensis

43 2197 289 2241 episcopus,
316 2195 541 2240 Uffingus
568 2196 673 2231 huius
699 2197 767 2231 loci
793 2197 1003 2237 monachus,
1034 2185 1096 2227 Vir
1127 2186 1255 2227 multe
1287 2185 1524 2228 eruditionis
1555 2185 1596 2227 el]

44 2256 259 2310 elegantie‚
292 2268 329 2301 et
355 2269 435 2311 post
460 2278 539 2302 eum
565 2268 657 2302 alius
683 2267 827 2313 quidam
846 2267 910 2302 sub
937 2267 1106 2302 abbate
1140 2256 1339 2310 quondam
1372 2266 1594 2302 Bernardo

44 2339 238 2383 quartus
264 2339 341 2372 erat
366 2339 483 2383 scrip
494 2339 588 2373 tor-²
615 2339 709 2384 stylo
734 2340 913 2374 rithmico.
954 2329 1064 2369 Dum
1095 2327 1231 2381 itaque
1255 2327 1313 2369 Sic
1334 2327 1593 2381 pensital'em,

43 2398 176 2440 visum
209 2398 270 2439 est
301 2397 404 2438 mihi
435 2399 600 2441 tandem
633 2400 903 2441 necessarium
936 2400 976 2441 et
1019 2411 1136 2452 opere
1182 2398 1358 2451 precium
1401 2398 1505 2448 fore,
1548 2411 1594 2440 ex

43 2468 229 2510 omnibus
260 2481 383 2510 unam
419 2469 569 2512 iustam
601 2471 642 2511 et
675 2470 841 2524 dignam
872 2470 1057 2523 pariter⁴
1088 2469 1314 2520 historiam,
1356 2481 1443 2522 que,
1490 2468 1594 2522 quod

44 2539 218 2594 singulis
250 2540 419 2592 sparsim
452 2540 692 2592 continetur,
734 2553 813 2582 11110
852 2541 1009 2582 abunde
1041 2541 1244 2583 volumine
1276 2541 1523 2594 compleatur
1554 2540 1595 2581 et

185 2716 219 2759 1)
244 2715 311 2750 Die
336 2714 392 2749 bis
417 2715 526 2749 dahin
553 2715 770 2759 gedrucktcn
797 2715 989 2750 deutschen
1007 2715 1282 2759 Heiligenlebcn
1308 2714 1379 2749 und
1404 2714 1595 2758 Legendcn

44 2774 266 2808 verzeichnet
295 2773 402 2808 Falk:
452 2774 520 2808 Die
553 2774 782 2809 Druckkunst
814 2775 861 2809 im
901 2775 1050 2809 Dienste
1088 2774 1150 2809 der
1175 2775 1325 2815 Kirche,
1364 2774 1531 2808 zuniichst
1557 2774 1594 2808 in

42 2832 308 2874 Deutschland,
345 2832 401 2866 bis
435 2844 512 2867 zum
538 2832 646 2867 Jahre
674 2834 774 2869 1520.
811 2834 844 2869 S.
873 2835 1021 2869 86—98.
1051 2854 1092 2858 —
1120 2836 1156 2877 2)
1182 2833 1275 2867 fehlt
1300 2834 1347 2866 im
1374 2833 1523 2867 Drucke.
1550 2851 1593 2856 —

44 2891 79 2935 3)
105 2891 188 2935 Vgl.
215 2891 282 2926 den
308 2891 438 2935 Prolog
464 2891 525 2926 der
551 2893 628 2927 vita
655 2893 832 2937 rythmica
859 2892 892 2927 S.
922 2894 999 2927 1323.
1027 2913 1068 2917 —-
1096 2894 1132 2937 4)
1159 2892 1234 2937 pari
1262 2893 1309 2925 im
1335 2892 1463 2926 Druck.

1330 2953 1380 2993 17
