1801 3213
225 173 311 215 266
686 166 887 209 Cincinnii
927 165 1012 208 vita
1043 178 1074 206 s.
1107 164 1315 219 Liudgeri.

225 288 454 332 voluerunt.
518 286 591 329 Cui
623 286 663 327 et
694 285 738 326 in
769 284 866 326 celis
907 283 1111 326 coniuncti
1149 282 1322 324 feliciter
1354 280 1609 336 congaudent
1638 280 1682 321 in
1713 292 1775 323 se-

227 361 318 403 cula
351 359 589 401 seculorum.
637 357 781 398 Amen.

370 429 560 482 Sequitur
606 428 655 469 de
713 426 865 468 sanctis
917 438 963 467 ac
1009 423 1308 467 venerabilibus
1359 423 1534 476 quinque
1580 421 1775 476 episcopis

228 500 357 544 sancti
389 498 569 553 Ludgeri
601 497 807 551 cognatis,
847 496 914 537 1110
945 496 987 536 111
1019 495 1149 548 cripta
1181 493 1414 536 monasterii
1445 492 1745 536 Werthinensis
1760 493 1788 516 1‘

228 584 364 614 secum
395 570 571 612 feliciter
603 566 957 621 requiescentibus.

370 639 497 684 Caput
521 638 671 673 XLIX.
719 637 772 671 De
797 636 1021 680 Hildegrimo
1053 635 1129 669 eius
1163 645 1351 678 germano,
1388 633 1699 669 Halberstadensis
1725 644 1778 668 ec-

227 712 331 747 clesie
364 700 680 754 prothoepiscopo.

371 811 378 818 .
407 808 416 818 .
442 808 451 817 .
478 808 486 816 .
512 780 622 817 Cuius
646 779 754 814 beata
779 778 900 813 anima
925 776 1018 822 apud
1051 776 1199 811 fratrem
1233 787 1333 810 suum
1372 777 1410 811 in
1444 776 1635 812 celestibus
1658 775 1780 820 regnis

228 842 332 883 vivit,
359 852 482 885 corpus
507 840 564 874 hic
590 838 776 873 Wertliine
801 837 901 871 iuxta
919 835 1067 870 eundem
1093 837 1294 870 reverenter
1319 838 1411 870 terre
1437 835 1721 870 commendatum
1742 836 1781 869 et

229 902 270 943 in
303 901 406 943 facie
439 901 566 953 cripte
597 898 648 940 ad
684 897 867 939 dextram
899 907 1054 940 locatum
1079 906 1281 950 requiescit.

371 970 499 1015 Caput
522 969 568 1004 L.
616 968 668 1002 De
695 966 857 1002 Gerfrido
883 965 1033 1000 secundo
1058 965 1350 1000 Monasteriensis
1375 966 1519 1000 ecclesie
1545 966 1716 1010 episcop0.

371 1068 379 1076 .
407 1069 415 1075 .
444 1068 451 1075 .
479 1067 487 1075 .
514 1040 773 1084 Repositusque
807 1039 861 1072 est
898 1036 956 1070 hic
981 1035 1168 1070 Werthine
1203 1035 1296 1080 apud
1330 1039 1500 1080 cognatos
1526 1047 1615 1079 suos,
1644 1035 1707 1071 ubi
1737 1026 1782 1067 in

229 1102 333 1145 facie
365 1103 492 1155 cripte
524 1102 576 1143 ad
608 1100 816 1143 sinistram
849 1109 1005 1144 feliciter
1030 1109 1231 1154 requiescit.

373 1183 499 1229 caput
524 1183 589 1219 LI.
634 1173 694 1214 De
727 1171 954 1225 Tiatgrimo
996 1170 1170 1212 secundo
1216 1169 1575 1211 Halberstadensis
1616 1168 1783 1210 ecclesie

233 1246 429 1300 episcopo.

372 1342 380 1350 .
409 1342 416 1349 .
444 1342 451 1349 .
478 1314 588 1350 Cuius
615 1342 622 1348 .
651 1341 658 1348 .
686 1324 809 1358 corpus
836 1341 842 1347 .
872 1340 879 1347 .
907 1312 965 1346 1110
991 1312 1029 1346 111
1055 1311 1243 1346 Werthina
1272 1321 1379 1355 penes
1404 1310 1558 1345 eiusdem
1584 1311 1783 1345 antecesso-

230 1376 279 1410 ris
304 1375 359 1409 sui
384 1385 462 1408 ossa
487 1373 595 1417 digne
620 1372 832 1407 collocatum
859 1373 914 1405 est
941 1397 948 1405 .
975 1397 983 1405 .
1010 1396 1020 1405 .

373 1444 501 1489 Caput
525 1444 614 1479 LII.
657 1433 718 1474 De
750 1432 932 1474 Altfrido
964 1431 1086 1472 tertio
1117 1430 1448 1472 Monasteriensis
1481 1429 1649 1472 ecclesie
1680 1431 1785 1483 epis-

233 1519 340 1559 copo.

374 1609 383 1618 .
419 1608 428 1618 .
464 1608 473 1617 .
508 1608 518 1617 .
550 1575 764 1629 Repositus
796 1576 857 1616 est
888 1575 953 1617 hic
995 1575 1037 1614 in
1069 1573 1285 1614 Werthina
1315 1572 1423 1626 apud
1459 1573 1672 1627 cognatos,
1714 1572 1785 1614 ubi

231 1649 272 1690 in
304 1649 433 1701 cripta
465 1648 517 1689 ad
564 1648 766 1689 dexteram
814 1648 903 1699 post
944 1646 1064 1699 caput
1111 1644 1268 1687 scilicet
1313 1643 1564 1698 Hildegrimi
1611 1644 1786 1697 episcopi

232 1720 447 1762 collocatus
479 1718 655 1760 feliciter
684 1717 912 1771 requiescit.

375 1800 503 1845 Caput
528 1801 638 1835 LIII.
670 1801 710 1835 et
737 1799 937 1835 ultimum.
998 1788 1059 1829 De
1091 1787 1351 1841 Hildegrimo
1387 1785 1610 1840 posteriori,
1643 1788 1786 1839 quarto

231 1861 569 1903 Halberstadensi
601 1862 795 1914 episcopo.

509 1965 517 1974 .
553 1932 744 1985 Sepultus
776 1932 912 1972 autem
945 1929 1012 1971 hic
1054 1929 1159 1982 apud
1193 1929 1384 1983 cognatos
1415 1928 1458 1969 in
1490 1926 1620 1981 cripta
1651 1928 1787 1970 nostre

232 2004 413 2054 basilice,
447 2004 517 2045 ubi
548 2004 636 2056 post
668 2003 789 2055 caput
821 2000 1001 2043 Gerfridi
1033 1999 1206 2053 episcopi
1243 1999 1295 2040 ad
1327 1999 1536 2041 sinistram
1568 1999 1788 2041 collocatus

233 2074 408 2116 feliciter
442 2074 667 2127 requiescit.
702 2109 709 2115 .
745 2107 754 2116 .
787 2107 796 2116 .

375 2145 553 2197 Explicit
590 2144 637 2185 de
668 2143 754 2185 vita
788 2144 828 2184 et
850 2141 1147 2184 conversatione
1180 2140 1347 2196 gloriosi
1369 2141 1605 2183 confessoris
1634 2139 1788 2182 Christi

234 2216 352 2269 atque
384 2215 585 2268 pontificis
618 2214 702 2256 divi
733 2213 926 2267 Ludgeri.

376 2286 530 2330 Incipit
555 2285 732 2330 prefatio
766 2284 809 2319 in
843 2284 1014 2319 alteram
1048 2283 1206 2327 partem
1241 2281 1361 2317 huius
1386 2280 1510 2325 libri,
1545 2289 1621 2324 que
1655 2280 1715 2315 est
1739 2280 1788 2316 de

233 2345 444 2381 miraculis
471 2345 642 2381 ostentis
669 2345 710 2380 et
724 2343 966 2379 meritorum
992 2342 1119 2386 signis
1144 2343 1235 2387 post
1260 2341 1345 2377 eius
1365 2340 1585 2376 transitum
1601 2339 1788 2375 factum.

376 2404 508 2449 (Caput
533 2406 604 2448 23.)
654 2405 745 2438 Item
772 2406 814 2437 ut
839 2403 990 2447 primum
1013 2402 1176 2436 1110000111
1202 2401 1306 2435 11111110
1332 2401 1399 2435 1001
1425 2400 1584 2444 ceperint
1608 2399 1787 2434 remissius

234 2474 339 2508 agere
365 2464 404 2498 111
430 2464 588 2508 regulari
614 2464 691 2498 vita
703 2463 727 2497 ³.

375 2523 438 2563 Ea,
465 2534 531 2568 que
556 2522 779 2567 premisimus
813 2521 1003 2561 hactenus,
1039 2519 1208 2554 miracula
1246 2520 1326 2564 post
1360 2518 1474 2552 sancti
1500 2517 1569 2552 viri
1594 2517 1788 2552 transitum

233 2593 344 2627 usque
370 2581 414 2616 ad
439 2592 570 2616 annum
597 2581 725 2615 salutis
750 2580 890 2614 circiter
917 2578 1057 2614 .DCCC.
1084 2578 1288 2612 ΙΛΧΧΙΙΙΙ.4
1314 2577 1410 2612 facta
1439 2576 1641 2617 creduntur,
1667 2586 1789 2610 verum

378 2734 413 2778 1)
440 2733 686 2768 Werthinensi
712 2733 809 2769 Cinc.

377 2794 414 2837 2)
439 2792 507 2827 Die
534 2792 687 2826 Wunder
722 2791 860 2826 werden
893 2791 1031 2825 erziihlt
1062 2790 1152 2825 nach
1179 2790 1255 2824 vita
1288 2789 1377 2830 III.,
1413 2788 1520 2823 deren
1546 2799 1619 2832 cap.
1646 2788 1702 2828 13,
1730 2787 1788 2829 14,

236 2852 281 2886 16
307 2851 410 2886 nicht
435 2851 707 2895 aufgenommen
733 2850 822 2885 sind.

377 2910 413 2956 3)
440 2910 526 2945 Vita
551 2910 619 2945 ΙΙΙ.
646 2910 707 2945 lib.
736 2910 784 2945 II.
812 2920 838 2945 c.
865 2911 919 2944 26.
949 2928 991 2932 —
1018 2910 1054 2953 4)
1081 2909 1114 2944 S.
1142 2908 1176 2943 S.
1204 2909 1271 2942 123
1298 2919 1331 2942 n.
1360 2919 1385 2942 s.
