1864 3213
497 132 673 176 Altfridi
704 133 791 176 vita
823 146 854 175 s.
887 133 1083 188 Liudgeri
1114 133 1186 178 lib.
1218 135 1250 179 I.
1626 138 1650 180 7

93 260 170 294 ac²
201 251 384 294 defensor
424 264 702 306 oppressorum
734 251 777 292 in
808 251 1064 304 iudicioqueb
1095 253 1239 295 iustus.
1287 252 1380 296 Setc
1425 255 1520 308 quia
1551 267 1651 310 gens

93 322 167 365 illa
213 335 258 364 eo
303 323 482 377 tempore
527 323 571 364 in
617 334 748 364 errore
801 321 1058 364 infidelitatis
1105 326 1194 364 erat
1239 325 1473 376 excaecata,
1519 325 1652 368 multa

92 393 244 435 multi<l
275 393 426 435 iniusta
457 406 481 435 a
512 405 608 447 rege
638 391 821 434 crudelie
854 393 895 434 et
925 392 975 434 ab
999 391 1084 435 eius
1115 393 1314 436 ministris
1345 395 1534 437 fuerantf
1561 408 1651 449 per-

91 464 209 517 pessi.
264 463 379 506 Alios
411 448 518 505 enim
550 476 617 506 rex
649 463 758 505 idem
798 462 1028 506 insidiando
1060 466 1275 507 necaverat
1307 467 1346 507 et
1378 466 1651 509 haereditates

91 534 286 578 illorum&
315 534 559 587 possidebat,
593 534 695 576 alios
726 546 819 576 vero
851 534 963 576 extra
1008 534 1202 577 terminos
1250 536 1486 591 effugabath
1517 538 1557 579 et
1588 538 1651 579 ni-

92 605 312 647 hilominus
344 606 522 659 ipsorum
555 605 634 647 sibi
664 605 961 647 haereditatesi
1008 605 1263 649 vendicabat.
1313 607 1394 650 Sed
1443 609 1505 651 vir
1535 621 1651 662 prae-

93 676 200 718 fatus
231 689 273 718 se
305 675 471 718 minime
504 675 757 727 subtrahens,
807 675 1022 729 quominus
1070 676 1285 720 veritatem
1316 691 1448 720 coram
1482 691 1578 733 rege
1610 680 1651 721 et

93 747 177 789 eius
209 747 458 801 principibus
491 747 738 798 defenderet,
769 747 925 811 nullius
963 761 1175 800 personam
1222 749 1264 790 in
1295 749 1512 792 iudicando
1545 750 1650 792 iuste

93 820 132 860 et
174 818 456 873 amplectendo
503 819 719 861 veritatem
764 818 1017 871 respiciebat.
1082 818 1170 871 Qua
1216 820 1264 861 ‹le
1310 832 1352 861 re
1385 820 1572 875 contigit,
1604 821 1650 862 ut

91 903 261 944 magnas
294 903 317 932 a
349 902 443 944 rege
475 890 628 932 crudeli
676 890 847 931 insidias
895 891 1116 943 pateretur,
1164 891 1222 932 ita
1264 892 1309 931 ut
1340 891 1499 933 iuberet
1530 891 1650 933 illum

92 961 239 1004 callide
270 955 524 1002 interficerek
556 962 597 1002 et
627 960 847 1002 facultates
878 961 992 1002 suasl
1023 961 1129 1002 tolli.
1194 961 1308 1013 Quod
1340 961 1486 1003 loetale
1520 961 1650 1004 consi-

91 1032 191 1073 lium
224 1032 288 1073 illi
320 1032 508 1074 continuo
556 1045 658 1073 unus
704 1044 750 1073 ex
797 1031 1041 1073 consiliariis
1080 1032 1190 1086 regis
1222 1033 1444 1075 nuntiarem
1476 1033 1649 1084 curavit,

91 1116 137 1146 eo
168 1103 272 1157 quod
304 1115 327 1144 a
360 1103 544 1156 pluribus
578 1102 830 1156 diligeretur.

233 1176 273 1217 2.
305 1175 418 1216 Tunc
449 1175 717 1228 Wrssingusn
764 1186 844 1215 nna
886 1175 1179 1229 cumconiuge
1211 1187 1281 1216 sua
1313 1174 1578 1229 Adalgarda⁰
1609 1176 1651 1217 et

90 1245 172 1288 filio
205 1259 296 1296 uno,
329 1258 447 1299 quem
478 1245 696 1295 habebant,
729 1245 979 1299 Nothgrimo
1021 1246 1181 1288 nomine
1213 1247 1253 1287 et
1285 1258 1376 1286 cum
1408 1245 1548 1298 paucis
1581 1246 1650 1288 do-

89 1316 270 1359 mesticis
302 1317 385 1359 suis
417 1316 573 1358 occulte
620 1316 783 1371 fugiens
814 1316 867 1358 ad
909 1316 1050 1358 (lucem
1085 1317 1331 1359 Francorum
1363 1317 1524 1358 nomine
1557 1316 1650 1359 Gri-

89 1387 302 1429 moldump
321 1390 334 1411 ¹
368 1387 563 1440 pervenit.
617 1386 696 1439 Qui
729 1387 905 1441 benigne
937 1387 987 1429 ab
1035 1387 1174 1429 eodem
1207 1388 1307 1429 duce
1339 1389 1547 1441 susceptus
1577 1388 1651 1429 ha-

88 1458 239 1500 bitavit
270 1458 312 1499 in
343 1458 506 1512 regione
539 1458 784 1500 Francorum
817 1459 857 1499 et
888 1457 1070 1501 imbutus
1102 1458 1180 1500 fide
1219 1458 1422 1501 catholica
1453 1458 1646 1512 baptismi

88 1530 324 1571 consecutus
356 1530 417 1570 est
448 1529 627 1583 gratiam
661 1541 741 1570 una
774 1541 865 1570 cum
913 1529 1083 1584 coniuge
1131 1542 1203 1571 sua
1251 1531 1291 1571 et
1337 1529 1420 1571 filio
1452 1542 1498 1571 ac
1531 1529 1648 1571 domo

91 1599 259 1653 reliqua.
317 1599 419 1642 *Post
450 1599 625 1652 praefati
657 1612 751 1641 vero
797 1599 911 1641 ducis
943 1600 1100 1641 obitum
1132 1600 1287 1654 singuli
1319 1600 1441 1642 (luces
1473 1600 1647 1642 Franco-

89 1683 181 1712 rum
212 1670 485 1712 venerabilem
533 1670 821 1725 Wrssingumq
868 1670 1109 1712 honoratum
1141 1671 1347 1713 beneficiis
1395 1671 1649 1712 retinuerunt

89 1754 237 1783 secum.
270 1741 378 1794 Uxor
409 1753 501 1783 vero
534 1742 619 1782 eius
651 1742 693 1782 in
715 1741 1040 1796 peregrinatione
1062 1743 1204 1797 genuit
1233 1742 1269 1783 ei
1292 1742 1419 1783 filium
1453 1742 1649 1783 alterum¹

87 1812 249 1854 nomine
280 1811 616 1866 Thiadgrimum·q
648 1813 688 1853 et
719 1812 825 1853 filias
847 1815 1014 1854 novemt
1046 1814 1086 1854 et
1119 1813 1311 1855 defuncta
1348 1812 1451 1855 obiit
1472 1813 1513 1853 in
1536 1825 1646 1866 pace,

87 1895 160 1925 nec
192 1896 270 1924 non
303 1885 343 1925 et
375 1891 467 1925 sexu
501 1883 608 1925 filiae
640 1883 724 1925 eius
756 1883 798 1924 in
830 1883 1086 1938 viriginitate
1127 1885 1178 1926 ab
1210 1885 1285 1926 hac
1316 1884 1433 1926 lucev
1466 1885 1650 1926 subtrac-

229 1973 245 1991 ἃ
269 1966 294 2009 f.
329 1965 386 2000 W.
415 1985 458 1990 -
484 1965 500 1991 b
526 1965 658 2000 iuditio
685 1968 823 2011 quoq‘ue
854 1966 911 2001 W.
940 1987 982 1990 —
1017 1974 1031 1992 0
1058 1970 1095 2001 et
1122 1967 1247 2002 Leibn.
1278 1987 1321 1992 —-
1355 1967 1370 1992 d
1398 1967 1504 2001 multi
1532 1967 1648 2001 multa

92 2024 149 2059 W.
178 2044 220 2048 —
247 2032 261 2049 Θ
286 2025 313 2068 f.
346 2023 402 2059 W.
429 2044 473 2049 —
499 2024 513 2050 f
535 2027 619 2059 sunt
650 2025 706 2061 W.
736 2045 779 2050 -
805 2034 822 2058 g
847 2037 966 2061 eorum
998 2026 1056 2061 W.
1084 2047 1126 2051 —
1151 2026 1175 2067 h?
1194 2027 1284 2060 alios
1323 2026 1505 2070 effugabat
1529 2027 1555 2070 f.
1590 2026 1646 2061 W.

88 2104 131 2108 -—
158 2084 166 2109 i
192 2083 445 2118 nichilominus
471 2083 542 2118 sibi
568 2073 686 2119 hereri.
713 2095 831 2119 corum
857 2085 934 2128 W‚·
971 2085 1008 2119 II
1021 2093 1046 2120 a,
1075 2097 1107 2121 α.
1134 2085 1170 2120 R
1209 2086 1254 2120 L.
1282 2106 1325 2110 —
1361 2086 1378 2111 k
1404 2086 1558 2120 interfici
1590 2085 1647 2120 W.

88 2163 131 2167 —
157 2142 166 2167 1
192 2143 268 2177 eius
294 2142 332 2178 S.
358 2163 401 2167 -—
427 2151 452 2168 1¹¹
478 2143 640 2177 nunciari
666 2143 703 2178 S.
731 2162 774 2167 ——
800 2151 817 2169 11
843 2144 1052 2187 uurssingus
1080 2144 1133 2186 L;
1160 2134 1385 2187 Vuursingus
1417 2144 1468 2178 W
1474 2158 1485 2187 ;
1512 2144 1647 2193 Wrsin-

86 2212 153 2245 gus
180 2201 223 2242 S;
249 2201 452 2246 Wirsingus
478 2202 528 2236 N.
557 2202 598 2237 T.
639 2221 683 2226 ——
722 2210 736 2227 0
763 2202 939 2237 Adelarde
966 2203 1011 2237 B.
1052 2223 1093 2227 —
1134 2211 1151 2235 P
1177 2201 1395 2243 Grimuldus,
1423 2202 1647 2238 Grimoaldus

86 2260 264 2295 Lesarten
289 2261 448 2295 beiBoll.
466 2281 508 2285 —
535 2269 551 2293 (ι
570 2262 798 2305 uurssingum
821 2262 875 2302 L;
902 2262 1145 2306 Vuursingum
1172 2262 1220 2296 W
1228 2276 1236 2303 3
1262 2262 1469 2306 Wrsingnm
1488 2263 1516 2297 S
1524 2276 1534 2305 5
1561 2262 1646 2297 1112.

87 2331 121 2354 a.
146 2319 192 2354 R.
218 2319 262 2354 L.
293 2339 336 2343 —
362 2327 374 2345 1
400 2319 464 2354 alt.
490 2319 560 2354 sibi
585 2331 620 2363 g.
646 2321 672 2364 f.
699 2321 753 2356 W.
783 2341 826 2346 —
853 2330 866 2346 S
893 2321 1134 2365 Tiatgrimum
1158 2322 1226 2364 W;
1258 2321 1501 2365 Thitgrimum
1528 2321 1577 2356 N.
1599 2321 1647 2365 T,-

87 2378 252 2421 Thiatgr.
278 2378 315 2413 J.
342 2378 385 2412 K
390 2392 402 2421 ,·
428 2380 632 2414 masserclem
659 2380 821 2424 Thietgr.
844 2381 985 2416 hclschr.
1012 2380 1145 2416 Lesart
1163 2381 1266 2422 Rom
1298 2380 1538 2424 Thiadgrinus
1563 2380 1646 2416 Sur.

87 2457 130 2462 —
157 2439 169 2462 t
195 2437 314 2472 VIIII.
352 2438 429 2472 uml
467 2438 627 2474 clariibcr
651 2450 721 2474 von
747 2440 901 2475 mederer
926 2440 1044 2475 Hand
1078 2451 1204 2475 novem
1231 2440 1276 2475 L.
1316 2460 1359 2464 —-
1397 2448 1414 2466 ¹1
1440 2440 1502 2474 VI.
1528 2440 1573 2475 L.
1601 2459 1645 2465 -—-

85 2505 103 2522 v
127 2496 171 2531 ab
198 2497 265 2531 hac
291 2496 314 2531 l.
340 2496 368 2540 f.
393 2497 451 2531 W.

228 2603 263 2648 1)
289 2603 413 2638 Dieser
435 2602 587 2648 jungere
612 2603 706 2639 Sohn
732 2604 793 2639 <les
828 2604 1013 2639 mittleren
1046 2604 1197 2649 Pippin,
1236 2604 1415 2640 vermahlt
1440 2606 1509 2639 mit
1535 2605 1644 2640 Teut-

85 2661 207 2704 sinda,
245 2662 342 2697 einer
368 2662 520 2697 Tochter
546 2662 732 2705 Radbods,
769 2674 841 2698 war
866 2663 1106 2707 Majordomus
1132 2674 1198 2698 von
1237 2663 1431 2699 Neustrien
1458 2675 1525 2698 von
1552 2667 1644 2699 etwa

85 2722 153 2756 696
178 2720 234 2756 bis
261 2721 339 2763 714,
366 2732 417 2756 wo
443 2732 480 2756 er
505 2723 554 2756 im
580 2722 682 2766 April
710 2734 777 2757 von
804 2722 884 2757 dem
910 2722 1055 2757 Friesen
1083 2723 1246 2766 Rantgar
1279 2724 1316 2758 in
1343 2723 1404 2758 der
1430 2723 1560 2758 Kirche
1585 2722 1645 2758 des

84 2780 134 2814 hl.
161 2780 373 2815 Lambertus
410 2792 450 2814 zu
489 2781 639 2815 Liittich
678 2781 854 2816 ermordet
878 2781 997 2816 wurde
1037 2782 1077 2825 (s.
1118 2781 1229 2816 Gesta
1266 2793 1390 2827 regum
1433 2782 1645 2817 Francorum

85 2849 159 2883 cap.
187 2840 233 2874 50
257 2838 316 2874 bei
342 2839 529 2885 Bouquet:
581 2841 726 2875 Recueil
765 2840 824 2876 des
859 2840 1053 2875 historiens
1079 2839 1139 2875 des
1166 2839 1296 2876 Gaules
1322 2844 1359 2876 et
1385 2841 1427 2875 de
1453 2842 1488 2875 la
1514 2842 1647 2876 France

87 2898 137 2933 11.
163 2898 256 2944 570).

1682 1610 1780 1652 714.
