1864 3213
218 114 272 155 88
660 113 758 155 Vita
789 113 864 154 ΙΙΙ.
898 125 928 155 s.
963 112 1157 169 Liudgeri
1188 114 1260 156 lib.
1294 114 1326 156 Ι.

218 231 390 274 regnante
408 232 417 249 ¹
451 229 479 264 F
482 230 568 265 risia
602 230 816 265 Francorum
843 230 1074 265 accessisseta
1099 230 1258 275 imperio,
1294 230 1337 266 ab
1372 231 1448 277 ipso
1474 232 1613 268 demum
1640 233 1684 268 ad
1708 245 1770 279 pa-

218 289 322 324 triam
351 300 485 324 eausa
511 289 629 325 fidei
655 288 972 325 roborandae2
998 290 1164 325 remissus
1190 290 1307 325 estb3.

359 349 391 384 2.
418 349 470 383 De
496 350 610 383 matre
636 349 723 390 eius,
751 359 840 394 quae
865 349 1003 393 pusiola
1031 349 1133 394 aquis
1159 350 1278 384 necari
1303 350 1399 385 iussa
1426 352 1535 386 estffl.

396 433 634 489 (Vergsleiclc
664 433 896 489 Liafbmys
926 435 1001 476 mit
1029 434 1196 489 Moyses
1225 435 1333 478 nach
1363 435 1497 480 Exocl.
1528 436 1589 491 2).

359 528 392 562 3.
419 527 471 562 De
497 528 598 573 lapsu
624 530 661 563 et
686 528 946 564 restauratione
972 528 1100 563 matris
1125 529 1265 564 eiusd5.

241 610 475 668 (Vergsleick
506 613 737 668 Liafburys
767 615 841 656 mit
869 613 1019 657 Maria
1049 614 1138 656 und
1176 613 1391 657 Elisabeth
1421 614 1529 658 nach
1557 614 1660 657 Luc.
1696 615 1750 669 1).

359 706 393 741 4.
419 706 472 741 De
497 706 572 741 eius
599 707 810 752 scripturae.
837 706 924 742 Post
949 706 1035 742 ubis
1063 708 1135 742 iam
1161 707 1389 752 baptizatusg
1423 708 1553 742 sensim
1584 708 1771 753 puerolush

221 777 403 812 ambulare
443 780 479 813 et
524 767 567 808 in
614 768 736 809 verba
781 766 1069 809 balbuttieutii
1125 767 1286 810 adhuek
1331 768 1474 823 lingua
1520 780 1773 822 prorumpere

221 850 346 894 coepit,
392 851 534 880 canum
569 838 710 880 statim
743 851 903 880 sensum
925 839 965 880 et
988 851 1053 880 eor
1076 839 1202 881 senile
1233 840 1464 893 assumpsit.
1488 840 1668 883 Moribus
1685 840 1774 894 qui-

224 910 313 952 dem
347 923 424 951 non
456 909 674 951 inmaturis
706 909 746 950 et
778 909 864 952 vita
895 910 1160 962 inmaculata,
1202 912 1384 953 teneram
1415 912 1612 953 aetateml
1641 913 1774 953 trans-

222 981 395 1023 cendens
426 981 550 1022 nullis
572 981 751 1022 animum
775 980 990 1032 illecebris,
1022 981 1127 1023 nulli
1149 982 1316 1024 dederat
1338 982 1555 1036 voluptati:
1605 994 1705 1028 lusu
1716 993 1774 1027 m⁶

221 1063 338 1108 pueris
364 1061 552 1097 admodum
578 1061 791 1097 familiarem
824 1064 871 1094 ac
917 1052 952 1094 Si
997 1053 1151 1106 pestem
1197 1053 1395 1108 fugiebat,
1438 1065 1641 1110 scripturas,
1675 1066 1773 1108 quas

223 1123 393 1166 necdum
406 1133 431 1150 ¹¹¹
462 1136 532 1177 per
564 1124 737 1164 aetatem
777 1123 929 1166 discere
962 1124 1104 1178 quivit,
1137 1135 1209 1169 iam
1236 1146 1271 1170 se
1305 1136 1417 1170 animi
1449 1135 1577 1171 affectu
1601 1135 1776 1180 premedi-

223 1193 295 1229 tari
321 1194 426 1228 certis
453 1193 663 1239 quibusdam
690 1193 833 1228 indiciis
866 1194 1162 1238 premonstrabat.
1205 1195 1297 1229 Nam
1325 1195 1405 1230 aliis
1431 1207 1453 1240 p
1467 1207 1489 1230 u
1501 1195 1591 1230 eris
1615 1195 1661 1230 lu
1674 1195 1695 1229 d
1707 1206 1776 1230 en-

224 1253 293 1289 tib
308 1265 353 1288 us
379 1254 476 1298 ipse
503 1252 713 1288 arborum
740 1253 942 1288 cortices
968 1254 1242 1298 colligeren,
1278 1254 1446 1300 quibus
1471 1255 1545 1290 uti
1570 1254 1622 1289 ad
1648 1255 1776 1290 lumi-

224 1326 247 1348 n
258 1324 278 1347 a
288 1313 326 1347 ri
339 1324 358 1347 a
385 1326 400 1347 s
412 1313 453 1347 ol
467 1324 484 1348 e
494 1324 529 1346 m
539 1324 598 1354 us,
625 1314 661 1347 et
687 1312 770 1347 inde
797 1325 818 1358 q
829 1324 851 1348 u
861 1324 880 1348 a
892 1314 929 1347 si
968 1313 1035 1348 lib
1046 1314 1136 1348 ello
1149 1326 1164 1348 s
1203 1325 1408 1359 componere
1445 1315 1638 1350 consuevit.
1671 1315 1775 1358 Quos,

225 1384 273 1407 cu
284 1384 317 1406 ni
367 1362 470 1403 forte
501 1372 535 1406 li
548 1384 600 1417 qu
612 1382 655 1406 or
667 1382 728 1407 em
755 1373 801 1407 in
813 1383 833 1405 v
844 1383 861 1407 e
874 1384 896 1406 n
907 1373 992 1408 isse
1003 1375 1042 1407 t0
1056 1400 1063 1414 ,
1088 1373 1131 1408 fe
1142 1385 1157 1408 s
1169 1376 1216 1408 tu
1227 1385 1273 1408 ea
1300 1374 1453 1416 utiliter,
1471 1377 1512 1409 ut
1536 1374 1606 1409 sibi
1633 1374 1776 1409 videba-

225 1434 295 1473 tur,
322 1432 510 1476 inscriptos
536 1443 557 1465 n
569 1431 715 1466 utrici
753 1442 792 1467 ae
818 1433 847 1467 si
872 1432 1042 1477 proficuos
1081 1432 1268 1468 admodum
1307 1433 1375 1468 lib
1387 1445 1459 1469 ros
1496 1433 1675 1469 tradiditp
1713 1433 1776 1468 c'u-

368 1605 383 1622 a
409 1597 555 1632 accessit
573 1596 627 1632 M.
656 1617 696 1621 ——
724 1597 740 1622 b
767 1602 851 1634 statt
875 1598 1100 1645 Igitur—est
1125 1600 1239 1634 haben
1260 1599 1309 1634 N.
1330 1599 1369 1645 Q.
1404 1599 1442 1634 T.
1477 1600 1511 1634 U
1533 1599 1590 1634 (lie
1615 1603 1636 1634 4
1661 1603 1778 1635 ersten

229 1657 367 1701 Capitel
392 1657 454 1691 der
478 1657 554 1691 rita
578 1656 611 1690 I.
638 1657 841 1702 beymizencl
857 1659 941 1693 mit:
965 1657 1052 1692 Fuit
1077 1658 1113 1692 in
1133 1657 1257 1692 diebus
1275 1658 1436 1693 Rabbodi
1454 1659 1549 1702 regis
1566 1658 1776 1700 Frisonum3

227 1717 283 1751 (lie
307 1716 597 1761 Abwezsschunyen
623 1716 706 1751 sind
731 1717 811 1751 (lert
835 1718 956 1752 azotii-t.
998 1717 1027 1752 O
1051 1718 1125 1763 qibt
1151 1718 1219 1752 (Ias
1247 1717 1397 1763 Capitel,
1423 1719 1582 1753 verweist
1607 1720 1692 1753 aber
1715 1729 1779 1754 ror

226 1775 350 1810 classen
374 1775 520 1820 Beqimz
545 1776 695 1819 cwfclas
721 1787 779 1810 am
804 1776 915 1812 Encle
933 1777 995 1812 der
1016 1778 1087 1812 vita
1105 1777 1291 1812 stelcende:
1311 1777 1397 1812 Fuit
1414 1778 1451 1812 in
1469 1777 1592 1812 diebus
1617 1777 1778 1813 Radbodi

227 1835 340 1870 durch
355 1834 518 1880 folyende
536 1834 648 1870 Note:
666 1835 777 1878 Quere
795 1837 874 1880 post
891 1836 1079 1871 historiam
1102 1837 1217 1871 sancti
1236 1837 1350 1879 huius,
1371 1837 1468 1871 aliud
1488 1838 1585 1872 vitae
1602 1838 1778 1883 primique

228 1894 377 1938 capituli
402 1893 592 1936 exordium,
626 1894 731 1938 longe
756 1895 826 1929 isto
854 1906 1068 1941 quamquam
1102 1895 1321 1937 abbreviato,
1358 1898 1434 1930 tum
1459 1896 1674 1941 productius,
1701 1899 1777 1931 tuni

229 1953 413 1987 venustius
438 1952 483 1987 ad
509 1953 582 1988 tale
607 1953 870 1998 paragraphum
894 1954 952 1988 hie
979 1966 1115 1989 sursum
1142 1966 1250 1999 usque
1280 1955 1442 1999 politum,
1468 1956 1546 1990 'muz
1571 1957 1696 1991 ebenso
1721 1967 1778 1991 am

228 2011 336 2046 Encle
360 2011 472 2046 dieses
496 2013 643 2047 zweiten
667 2013 861 2059 Anfangyes
887 2014 958 2057 auf
982 2014 1049 2048 clas
1074 2017 1108 2049 2.
1138 2014 1227 2059 Cap.
1254 2014 1384 2050 durch.-
1421 2015 1573 2060 Require
1599 2016 1698 2050 iuxta
1724 2018 1778 2050 ta-

229 2071 298 2105 lem
324 2071 584 2116 paragraphum
610 2072 676 2113 (im
696 2072 781 2107 Text
796 2073 885 2119 folyt
902 2074 960 2108 em
978 2073 1406 2119 Param-aphaueeiclcen)
1432 2074 1599 2120 Capitulo
1617 2075 1778 2110 secundo.

231 2149 275 2154 —
301 2136 314 2156 c
342 2129 499 2164 De——est
524 2130 570 2165 R.
591 2150 633 2155 —
660 2131 677 2157 <1
702 2131 880 2166 De-——eius
898 2132 943 2166 R.
964 2152 1007 2156 -—-
1035 2140 1048 2158 e
1074 2132 1125 2166 De
1146 2143 1172 2167 e.
1202 2143 1263 2167 scr.
1290 2133 1335 2167 R.
1358 2153 1401 2158 ——
1428 2134 1442 2159 f
1463 2135 1488 2178 f.
1516 2134 1565 2169 K.
1594 2155 1637 2159 —
1663 2135 1780 2180 gbap-

233 2189 364 2223 tisatus
390 2189 439 2223 N.
469 2189 508 2223 T.
550 2209 593 2214 —
631 2189 649 2215 11
675 2202 763 2226 corr.
789 2192 830 2226 in
854 2191 1020 2236 puerulus
1048 2191 1092 2233 O;
1131 2192 1296 2236 puerulus
1321 2193 1358 2227 J.
1384 2193 1433 2227 K.
1462 2194 1501 2227 T.
1541 2214 1583 2219 -—
1621 2194 1631 2220 i
1656 2194 1780 2229 balbu-

235 2247 345 2282 tienti
372 2247 408 2282 C.
437 2247 499 2291 M7·
533 2247 752 2284 balbucienti
778 2250 815 2285 J.
841 2250 889 2285 K.
917 2250 967 2285 N.
998 2250 1043 2291 T;
1076 2251 1105 2286 J
1140 2262 1166 2286 s.
1194 2252 1236 2286 h.-
1260 2252 1356 2286 licet.
1384 2271 1426 2276 —
1452 2252 1471 2277 k
1496 2252 1540 2287 ad
1565 2253 1630 2288 hoc
1655 2254 1708 2288 M.
1737 2274 1779 2278 ——

230 2307 239 2332 l
265 2307 461 2341 aetatulam
489 2307 525 2342 C.
551 2308 588 2342 J.
615 2308 668 2342 M.
698 2308 736 2342 T.
764 2328 806 2332 —
832 2317 857 2334 111
883 2308 1039 2344 nondum
1056 2309 1109 2344 M.
1139 2330 1180 2334 —-
1208 2318 1225 2335 ¹1
1250 2311 1413 2345 arborum
1440 2312 1585 2347 cortices
1611 2313 1779 2358 colligere

233 2364 342 2400 0.-
381 2366 956 2403 oMs.h:et.—pt.1.N.

375 2572 409 2616 1)
435 2571 523 2606 Karl
548 2572 706 2607 Mai-tell.

375 2631 410 2675 2)
436 2631 522 2665 Vita
548 2631 577 2666 Ι.
605 2642 632 2667 e.
659 2632 691 2666 4.

375 2690 411 2734 3)
437 2689 525 2724 Vita
550 2690 578 2724 I.
608 2700 635 2724 e.
663 2690 775 2733 1—4;
802 2690 878 2726 vita
903 2691 951 2726 II.
980 2702 1007 2726 c.
1036 2692 1066 2731 1,

379 2748 416 2794 4)
441 2748 529 2783 Vita
554 2748 602 2783 II.
631 2759 655 2784 c.
685 2750 717 2784 2.

376 2808 412 2853 5)
439 2807 525 2842 Vita
551 2807 598 2843 II.
628 2818 655 2843 c.
683 2809 704 2843 3
714 2823 723 2851 ;
751 2809 827 2844 vita
853 2809 881 2845 I.
910 2820 938 2845 c,
963 2809 995 2846 8.

378 2867 413 2911 6)
439 2866 525 2902 Vita
550 2866 597 2903 11.
625 2878 651 2903 c.
679 2868 712 2903 3.
