1864 3213
265 161 322 204 94
709 158 808 203 Vita
839 158 912 202 III.
946 173 978 202 s.
1012 159 1206 215 Liudgeri
1237 158 1311 204 lib.
1342 156 1374 200 Ι.

265 286 367 313 eama
404 277 459 312 vel
485 288 546 322 per
584 279 743 322 tempora
781 277 838 313 vel
874 288 934 322 per
972 276 1132 313 doctores
1171 276 1448 312 distributioneb
1488 276 1679 313 ordinavit.
1726 275 1817 312 Vere

265 335 445 382 quando
472 347 551 371 sua
577 336 803 381 potissimum
828 337 1077 381 presentia
1102 347 1186 380 opus
1225 338 1314 378 erat,
1352 346 1428 381 per
1466 347 1508 371 se
1547 347 1623 371 earn
1649 336 1723 381 ipse
1749 335 1818 371 ad-

264 395 553 437 ministrabat,
580 397 718 430 aestate
744 395 961 440 Adalgerum
986 395 1234 441 presbiterum,
1260 397 1430 431 autumno
1464 398 1636 436 sanetum,
1662 397 1704 430 ut
1730 394 1819 430 dixi-

263 466 351 497 mus,
377 454 593 498 Liudgerum
604 462 629 496 0,
655 455 771 489 hieme
798 455 1109 490 Thiadberhtumd
1132 455 1293 500 prefecit.

408 514 462 549 14.
512 514 564 548 De
601 513 766 548 lectionis
803 513 878 548 eius
915 514 1034 549 studio
1061 516 1098 549 et
1123 514 1333 550 orationise.
1385 513 1476 548 Sane
1514 513 1738 558 Liudgerusf
1771 513 1819 548 in

267 584 431 620 ordine
457 584 578 619 vicis
605 586 749 626 suae¹‚
777 585 806 619 si
835 575 990 627 quando
1022 574 1199 628 aliquas,
1234 586 1334 627 quae
1365 586 1456 615 eum
1489 573 1531 614 in
1564 573 1747 616 doctrina
1779 573 1819 615 et

266 646 372 688 curis
405 645 705 687 commissorum
756 645 1004 696 detinebant,
1052 645 1358 698 occupationum
1390 645 1450 686 est
1481 644 1603 687 ferias
1635 644 1817 698 adeptus,

266 729 355 758 mox
387 717 486 757 antg
516 715 680 757 lectioni
704 716 893 757 insudare
924 716 995 757 aut
1026 715 1274 769 psalmodiae
1299 715 1485 757 insistere
1518 716 1660 770 eoepit,
1692 716 1820 769 preci-

266 799 341 841 pue
375 786 579 829 nocturnis
603 786 863 840 temporibus,
897 787 1052 840 quando
1084 786 1277 829 seoretius
1309 786 1358 837 ei,
1393 796 1482 842 quod
1511 808 1684 842 semper
1709 808 1821 832 ama-

268 868 437 909 verath,
465 868 619 903 orationi
660 870 802 900 vacare
835 859 1020 900 dabatur.
1067 869 1156 903 Erat
1190 868 1241 902 ibi
1268 868 1472 911 oratorium,
1508 868 1600 914 quod
1626 871 1820 904 sanetus

266 928 351 962 olim
378 928 531 963 antistes
559 927 921 963 Willibrordusi
959 928 996 962 in
1034 928 1163 963 honore
1190 928 1305 962 sancti
1332 927 1529 963 Salvatoris
1555 931 1592 963 et
1618 930 1819 963 constru-

266 987 320 1022 xit
345 989 382 1021 et
407 986 604 1028 dedicavit3
641 987 693 1021 ibi
730 989 837 1032 post
874 986 1172 1032 psalmodiam
1212 989 1248 1022 et
1274 988 1453 1032 speciales,
1493 999 1605 1033 quas
1631 998 1818 1032 semper,

267 1049 308 1081 ut
334 1046 524 1088 diximusk,
552 1045 726 1089 amabatl,
754 1047 1026 1082 orationesm
1050 1046 1279 1091 Liudgerusn
1305 1047 1505 1082 membra
1532 1047 1685 1093 quieti
1712 1046 1819 1082 dare

267 1117 312 1141 co
323 1117 426 1141 nsue
441 1107 478 1141 vi
489 1108 539 1141 t0.

409 1178 463 1213 15.
490 1178 542 1212 De
568 1188 618 1219 ee,
645 1177 707 1212 ubi
733 1178 900 1222 apparuit
927 1178 958 1212 ei
986 1177 1176 1222 Gregorius
1203 1179 1239 1212 et
1264 1176 1305 1211 de
1333 1177 1447 1212 tribus
1474 1178 1631 1212 acer-visi)
1647 1177 1671 1212 2.

409 1251 488 1284 1611.
531 1249 583 1284 De
609 1249 808 1284 coniectura
833 1249 961 1283 somnii
973 1256 996 1283 r.
1038 1248 1088 1283 Eo
1125 1251 1202 1283 erat
1239 1251 1395 1293 tempore
1429 1251 1546 1284 eustos
1580 1248 1819 1283 Traiectensis

268 1309 456 1346 aecclesiae
474 1309 542 1343 virS
560 1309 669 1343 mirae
692 1309 930 1349 sarmtitatisss,
949 1308 1089 1343 nomine
1112 1308 1345 1343 Marchelmus
1356 1310 1377 1343 t.
1403 1308 1470 1342 Hie
1483 1316 1500 1334 u
1518 1309 1656 1352 Anglus
1674 1308 1820 1342 natione

269 1370 384 1406 sancti
403 1368 577 1414 quondam
596 1367 839 1402 Willibrordiv
858 1367 1048 1412 discipulus
1067 1370 1174 1402 eratW
1185 1368 1210 1402 4.
1224 1368 1287 1403 Cui
1307 1376 1413 1402 cumx
1429 1380 1444 1402 s
1455 1379 1551 1402 omn
1564 1368 1575 1402 i
1586 1376 1674 1402 umy
1691 1378 1726 1402 m
1737 1378 1790 1402 an
1801 1377 1819 1401 e

270 1428 489 1473 LiudgerusZ
527 1428 721 1468 retulisset,
759 1428 832 1461 sive
870 1438 910 1462 ex
948 1427 1149 1461 humanaea
1175 1427 1324 1462 rationis
1367 1428 1580 1467 coniectura,
1614 1427 1688 1461 sive
1727 1425 1820 1471 quod

269 1489 384 1532 magis
410 1486 578 1522 credibile
595 1489 660 1529 est,
687 1497 727 1521 ex
745 1485 889 1521 divinae
908 1486 1155 1530 inspirationis
1174 1487 1375 1521 ostensione
1390 1487 1414 1528 ⁵,
1441 1487 1506 1521 hoc
1523 1487 1585 1521 ille
1603 1487 1656 1521 ita
1666 1486 1682 1511 b
1709 1486 1820 1520 inter-

269 1561 432 1605 pretatus
458 1560 524 1600 est,
542 1566 584 1593 ut
610 1560 734 1603 postea
753 1558 819 1592 rei
844 1558 982 1602 proba
995 1558 1067 1592 vit
1092 1569 1199 1593 even
1212 1560 1258 1593 tu
1271 1566 1320 1593 sc.
1385 1547 1603 1598 ,ΕΙΠῘΠΕΞΙΙὸι
1619 1578 1627 1597 ‚
1687 1556 1818 1602 inquit,

269 1621 405 1674 ‚loous‚
422 1620 464 1661 in
482 1632 598 1673 quem
620 1619 836 1673 perductus
849 1619 865 1644 a
888 1631 939 1669 es,
965 1619 1251 1672 episcopatum,
1279 1640 1380 1674 quem
1401 1628 1514 1663 adhuc
1532 1640 1567 1663 es
1585 1628 1778 1673 adepturus
1793 1628 1818 1670 ⁶,

409 1768 426 1786 a
451 1759 707 1806 quadrifariam
732 1758 768 1794 J.
796 1759 843 1793 K.
872 1779 914 1783 —-
940 1759 957 1784 b
983 1770 1044 1804 per
1062 1758 1352 1794 distributionem
1378 1772 1412 1794 u.
1438 1770 1471 1794 α.
1490 1759 1536 1794 R.
1564 1758 1744 1793 doctorum
1764 1758 1817 1793 M.

270 1840 313 1846 -—
340 1827 354 1846 0
379 1820 501 1863 Liutg.
527 1820 565 1856 J.
590 1819 650 1862 K‚·
687 1818 799 1862 Ludg.
829 1818 882 1853 M.
922 1818 979 1860 N;
1019 1818 1157 1862 Ludgh.
1187 1819 1226 1853 T.
1262 1839 1303 1843 —-
1343 1819 1359 1844 d
1399 1818 1650 1853 Thiatbertum
1686 1818 1724 1852 J.
1762 1817 1818 1858 K;

270 1879 527 1914 Thiadbertum
566 1879 612 1912 M
621 1892 629 1919 ;
668 1877 928 1922 Thyasbertum
969 1877 1016 1918 T;
1056 1877 1274 1922 Tydbertum
1312 1878 1362 1912 N.
1403 1897 1445 1902 —-
1483 1885 1497 1903 e
1535 1878 1612 1912 hier
1637 1877 1738 1912 endet
1763 1877 1820 1911 die

268 1938 388 1975 Lilclte
412 1939 452 1973 in
476 1938 529 1980 R3
563 1938 835 1972 De—-orationis
860 1937 906 1978 F;
933 1938 1014 1972 {sein
1044 1937 1325 1983 Capzsstelavf'smgy
1352 1937 1388 1972 (J.
1414 1937 1451 1971 J.
1477 1936 1526 1971 K.
1552 1935 1606 1972 Μ’.
1632 1935 1681 1970 N.
1710 1935 1750 1972 O.
1779 1935 1816 1980 Q.

270 2018 314 2023 —
335 1998 350 2023 f
371 1997 493 2041 Liutg.
520 1997 556 2033 J.
595 1996 652 2040 K‚·
686 1995 799 2040 Ludg.
827 1996 880 2031 M.
908 1996 965 2037 N;
1003 1996 1141 2039 Ludgh.
1175 1996 1214 2030 T.
1243 2016 1284 2020 —
1312 2004 1328 2029 g
1352 1998 1394 2030 ut
1419 1997 1461 2038 J;
1488 1997 1514 2040 f.
1541 1995 1589 2030 K.
1617 2015 1660 2022 -—
1685 1995 1704 2020 h
1729 2005 1818 2030 corr.

270 2068 337 2092 aus
362 2057 525 2091 amarant
551 2056 587 2091 J.
627 2075 670 2080 -—
707 2056 715 2081 i
746 2054 968 2089 vuilbrordus
998 2055 1045 2099 C,-
1082 2054 1338 2089 Willebrordus
1364 2055 1418 2090 M.
1446 2074 1488 2079 —
1514 2055 1531 2080 k
1558 2066 1588 2089 u.
1609 2054 1641 2088 d.
1668 2054 1820 2099 stachye-

268 2121 396 2161 trayen
422 2116 461 2150 T.
495 2135 536 2140 —-
563 2115 573 2140 1
598 2116 780 2149 amaverat
804 2114 840 2148 J.
867 2113 914 2147 K.
944 2113 983 2147 T.
1011 2132 1054 2136 -—
1079 2121 1106 2139 Ἠ]
1132 2124 1161 2148 ο.
1180 2124 1209 2147 a.
1230 2113 1283 2147 M.
1312 2134 1354 2138 —
1380 2121 1398 2139 11
1424 2113 1546 2156 Liutg.
1566 2114 1601 2148 J.
1621 2113 1678 2154 K;
1704 2112 1819 2155 Ludg.

269 2175 323 2210 M.
350 2175 407 2217 N;
434 2174 573 2219 Ludgh.
602 2175 641 2209 T.
664 2194 705 2199 —
740 2181 754 2199 0
781 2175 1011 2207 consueverat
1030 2173 1082 2207 M.
1111 2193 1153 2197 —
1180 2181 1196 2205 P
1222 2173 1273 2207 De
1286 2174 1458 2207 —acervis
1484 2173 1529 2207 R.
1549 2173 1595 2208 F.
1626 2193 1667 2197 —
1696 2180 1712 2204 (1
1737 2173 1820 2207 leem

271 2234 554 2280 Capitelao'zfcwey
581 2234 620 2268 T.
647 2254 690 2258 ——
724 2241 737 2259 r
762 2233 991 2268 De—somnii
1017 2233 1063 2267 R.
1090 2233 1134 2267 F.
1165 2253 1205 2257 —
1233 2242 1245 2258 S
1272 2233 1298 2276 f.
1325 2232 1378 2266 M.
1406 2252 1450 2256 -
1484 2234 1495 2258 t
1519 2232 1566 2267 M.
1592 2245 1627 2267 n.
1653 2233 1684 2267 J
1691 2245 1698 2271 ;
1725 2231 1818 2265 Mar-

269 2294 425 2329 ohelinus
459 2293 502 2329 U.
528 2312 571 2317 ——
598 2301 617 2318 1¹
641 2293 705 2327 hec
730 2292 777 2327 K.
808 2312 849 2317 ——
876 2300 891 2318 v
916 2291 1123 2326 uuillibrodi
1149 2292 1195 2335 J‚·
1214 2291 1441 2326 Willebrordi
1467 2292 1519 2326 M.
1548 2312 1591 2316 —
1617 2299 1640 2316 W
1666 2302 1693 2326 e.
1722 2290 1755 2325 d.
1780 2291 1818 2325 J.

269 2353 317 2387 K.
345 2372 389 2378 -
415 2360 433 2378 x
456 2353 719 2398 naclagyetrayen
745 2351 781 2386 C.
808 2351 869 2393 M;
906 2352 932 2394 f.
959 2351 1006 2394 J‚·
1032 2350 1113 2385 dum
1140 2351 1187 2385 K.
1218 2371 1260 2375 —-
1287 2359 1303 2383 y
1328 2362 1486 2385 somnum
1511 2351 1559 2385 K.
1590 2371 1630 2375 -—
1657 2359 1670 2375 z
1695 2350 1818 2393 Liutg.

269 2412 306 2447 J.
333 2411 390 2454 K;
416 2411 529 2455 Ludg.
556 2411 609 2446 M.
629 2411 687 2454 N,·
712 2410 851 2455 Ludgh.
881 2411 918 2445 T.
949 2430 992 2434 —-
1031 2418 1046 2435 a
1073 2410 1227 2444 humana
1255 2410 1294 2444 T.
1321 2430 1366 2435 -
1390 2410 1407 2434 b
1432 2411 1458 2454 f.
1491 2410 1529 2444 T.
1559 2431 1601 2434 —
1631 2418 1645 2435 0
1671 2421 1697 2444 r.
1722 2409 1818 2454 prob.

271 2481 300 2506 e.
326 2481 359 2515 p.
385 2470 429 2506 N
434 2484 446 2515 ,·
471 2482 497 2505 r.
525 2481 553 2506 e.
580 2470 676 2515 prob.
705 2471 787 2506 Sur.
816 2490 857 2494 —
883 2469 900 2495 ⁴1
926 2468 1096 2504 deductus
1121 2469 1169 2503 M
1174 2483 1186 2513 ;
1211 2481 1299 2505 corr.
1327 2480 1394 2505 (cns
1418 2469 1650 2514 perducturus
1678 2469 1716 2503 T.

414 2626 447 2671 1)
474 2625 561 2660 Vita
587 2624 615 2660 Ι.
642 2636 669 2661 e.
697 2625 751 2661 17.

411 2686 447 2730 2)
474 2685 561 2720 Vita
586 2686 613 2719 Ι.
641 2697 669 2720 c.
698 2686 758 2727 173
786 2684 862 2720 vita
888 2684 935 2720 II.
963 2695 989 2720 e.
1017 2685 1072 2720 11.

412 2745 448 2789 3)
474 2744 556 2787 Vgl.
583 2744 659 2779 vita
685 2744 712 2778 Ι.
745 2755 771 2780 c.
800 2746 853 2779 17.
1037 2736 1040 2738 ’

413 2803 448 2848 4)
475 2803 562 2837 Vita
587 2804 615 2838 Ι.
644 2815 671 2838 c.
700 2805 763 2845 133
790 2805 866 2839 vita
892 2804 939 2838 ΙΙ.
968 2814 995 2840 c.
1024 2805 1053 2839 6.

414 2862 448 2907 5)
474 2861 562 2897 Vita
587 2863 634 2897 ΙΙ.
661 2873 688 2898 c.
719 2865 772 2899 11.

415 2922 451 2966 6)
477 2922 564 2957 Vita
589 2922 636 2958 II.
663 2922 686 2957 1.
712 2933 740 2958 e.
