1864 3213
45 641 106 678 SS.
132 641 180 676 ΙΙ.

72 689 154 724 412.

0 796 40 828 or
75 785 173 827 793.

208 172 265 213 30
608 169 784 211 Altfridi
814 168 902 211 vita
934 181 965 210 s.
998 136 1194 223 Liudgeri
1226 167 1297 210 lib.
1330 167 1362 210 1.

354 289 448 330 25³.
482 287 708 340 Quamvis¹
739 286 1064 340 praeponendum
1097 285 1151 327 sit
1173 285 1446 327 ministerium
1478 285 1765 341 euangelicaeb

206 359 494 414 predicationis
527 359 568 401 et
598 358 819 400 multorum
853 356 1114 399 inluminatio
1146 356 1327 399 cordium
1358 357 1657 410 operationibus
1689 358 1766 399 mi-

206 431 435 473 raculorum
466 429 839 481 ostensionibusque
872 428 1094 482 signorum,
1128 427 1180 469 ad
1207 428 1398 470 honorem
1419 429 1557 470 tamen
1588 428 1768 483 largien-

205 502 259 543 tis
293 500 458 542 Domini
490 500 586 542 stilo
630 499 832 553 alligari2
876 498 1061 549 fecimus,
1110 511 1211 552 quae
1257 499 1308 540 ab
1341 499 1478 541 eodem
1511 500 1650 541 sancto
1680 499 1766 542 viro

206 573 317 626 facta
346 571 575 614 recolimus.

350 654 478 697 Cum⁰
509 652 849 709 euangelizandid
892 652 1029 708 gratia
1061 652 1103 694 in
1134 653 1274 695 Fresia
1305 653 1357 695 ad
1388 653 1591 707 quandam
1624 653 1769 695 villam

207 726 367 769 nomine
412 725 704 780 Helewyrete4
744 724 1035 778 pervenissetf,
1077 725 1262 766 matrona
1302 724 1500 778 quaedam
1544 724 1769 766 Meinsuitg

207 798 367 840 nomine
400 797 556 851 excepit
587 796 704 838 illum
737 796 780 836 in
813 795 975 837 domum
1009 807 1135 838 suam.
1170 795 1223 836 Et
1254 807 1345 837 ecce
1385 795 1457 837 illo
1489 794 1769 837 discumbente

208 881 299 911 cum
324 868 534 921 discipulis
557 869 654 918 suis,
687 867 847 909 oblatus
871 866 933 908 est
965 866 1030 917 eju
1063 879 1204 908 caecus
1226 866 1439 908 vocabuloi
1460 866 1667 918 Bernlefk,
1701 867 1770 920 qui

208 952 232 981 a
263 938 410 981 vicinis
444 938 528 980 suis
560 938 680 980 valde
713 937 975 992 diligebatur,
1024 949 1069 979 eo
1109 937 1215 990 quod
1246 938 1351 979 esset
1383 937 1560 980 affabilis
1592 938 1633 980 et
1662 938 1770 979 anti-

209 1023 380 1064 quorum
412 1010 526 1052 actus
573 1009 814 1064 regumque1
856 1008 1080 1050 certamina
1110 1009 1210 1050 bene
1242 1009 1408 1050 noverat
1438 1009 1648 1062 psallendo
1678 1021 1770 1064 pro-

207 1094 329 1123 mere.
383 1080 460 1123 Sed
500 1093 570 1134 per
609 1079 832 1122 triennium
874 1079 1064 1121 continua
1095 1079 1290 1121 caecitate
1322 1078 1382 1120 ita
1414 1079 1625 1134 depressus
1657 1080 1767 1131 estm,
1815 1132 1819 1136 .

207 1153 253 1194 ut
285 1152 443 1193 nullum
462 1151 541 1194 sibi
556 1151 694 1193 lumen
726 1151 791 1193 vel
823 1151 999 1192 extreme
1030 1150 1198 1193 visionis
1235 1152 1478 1196 remaneret.
1511 1150 1638 1204 Quem
1671 1151 1770 1193 dum

207 1223 325 1265 vultu
357 1222 481 1264 hilari
513 1223 618 1264 esset
649 1221 836 1271 intuitus,
880 1221 1162 1276 interrogavit,
1196 1222 1230 1263 si
1257 1222 1523 1275 penitentiam
1556 1235 1580 1264 a
1612 1235 1652 1264 se
1686 1221 1770 1264 vel-

207 1293 266 1336 let
297 1293 501 1347 accipere,
536 1294 778 1347 acceptaque
818 1293 868 1334 ab
902 1305 946 1335 eo
977 1293 1097 1334 huius
1129 1293 1188 1334 rei
1220 1293 1429 1346 sponsione
1460 1293 1593 1345 iussit,
1627 1293 1674 1335 ut
1705 1292 1769 1335 die

209 1364 388 1407 crastina
418 1364 574 1406 veniret
605 1365 657 1406 ad
689 1377 743 1406 se.
807 1363 994 1406 Crastina
1041 1376 1134 1406 vero
1180 1363 1273 1406 dien
1319 1364 1544 1418 equitanti⁰
1575 1364 1662 1407 viro
1692 1364 1771 1406 Dei

209 1436 350 1478 obvius
382 1435 514 1478 factus
547 1436 608 1477 est
640 1435 748 1476 idem
781 1444 977 1485 caecusP;
1026 1436 1190 1489 accepto
1238 1448 1333 1490 ergo
1378 1435 1456 1477 Dei
1488 1435 1668 1478 famulus
1699 1447 1770 1489 per

209 1507 369 1548 frenum
403 1507 487 1549 eius
519 1507 717 1558 caballoq,
769 1507 885 1548 duxit
916 1519 1006 1548 eum
1055 1520 1078 1548 a
1125 1506 1246 1549 turba
1278 1519 1457 1549 seorsum
1491 1507 1532 1549 et
1562 1506 1770 1549 confitenti

209 1578 376 1631 peccata
407 1591 479 1620 sua
519 1578 788 1632 penitentiam
829 1578 990 1620 indixit.
1043 1578 1201 1620 Deinde
1243 1578 1407 1633 signum
1444 1578 1608 1621 sanctae
1639 1577 1770 1620 crucis

354 1741 371 1758 a
394 1733 466 1768 Die
491 1733 689 1779 Ausyaben
716 1734 894 1779 beyiomen
919 1733 997 1768 hier
1030 1733 1100 1769 den
1124 1734 1214 1768 liber
1239 1733 1417 1769 secundus
1440 1733 1505 1767 mit
1528 1742 1638 1767 neuer
1664 1730 1771 1777 Capi-

209 1793 436 1838 telzc'ihluny3
461 1793 550 1828 ohne
574 1793 712 1828 Absatz
747 1793 776 1828 S
785 1807 793 1834 ;
820 1793 849 1828 Ι.
876 1804 910 1828 α.
936 1793 982 1828 R.
1011 1793 1056 1827 L.
1085 1812 1126 1817 —
1164 1793 1181 1818 b
1207 1792 1436 1837 euuangelice
1467 1791 1523 1826 W.
1552 1811 1596 1815 —
1621 1798 1636 1817 0
1660 1787 1710 1825 11.
1736 1801 1771 1825 a.

210 1852 259 1887 R.
284 1851 328 1887 L.
357 1871 401 1876 -—-
427 1851 444 1877 d
470 1852 692 1896 euuangeliz.
724 1852 780 1887 W.
808 1872 851 1876 —-
878 1859 893 1877 e
919 1852 1092 1887 Helewirt
1123 1852 1175 1887 W
1180 1866 1189 1894 ς
1223 1851 1412 1896 Helewyrd
1437 1850 1481 1893 S;
1517 1848 1772 1894 Heleguuerdh

211 1911 258 1946 R.
287 1911 334 1954 C,
360 1910 562 1955 Heleguurt
586 1911 630 1945 K
634 1923 643 1955 3
669 1911 854 1956 Helegwrt
891 1912 922 1948 J
930 1926 939 1953 3
976 1911 1183 1956 Heleguurd
1221 1912 1265 1946 N
1272 1926 1280 1953 ;
1319 1909 1550 1955 Helegnuord
1588 1910 1639 1952 U;
1665 1908 1771 1944 Hele-

211 1970 307 2005 werd
332 1981 423 2006 corr.
449 1972 491 2006 in
515 1970 727 2015 Helegwerd
755 1972 788 2006 T
795 1985 803 2013 ;
834 1971 1063 2015 Helegunder
1088 1971 1138 2006 M
1143 1985 1151 2013 ;
1189 1970 1419 2015 Helegwerde
1456 1970 1548 2011 Sur3
1574 1969 1771 2013 Helegnar-

212 2030 278 2072 dis,
304 2030 511 2076 Heliguurt,
537 2030 765 2072 Haeleweirt,
791 2031 986 2065 Heilewort
1005 2031 1185 2067 Lesarten
1209 2032 1264 2066 bei
1288 2031 1393 2075 Boll3
1418 2028 1643 2073 Heligwerde
1671 2027 1770 2063 Oine.

214 2109 258 2114 -
284 2089 298 2114 f
321 2089 479 2124 venisset
497 2088 532 2124 S.
562 2109 605 2114 —-
635 2098 652 2123 g
669 2089 830 2124 Mensuit
861 2090 927 2135 W,
953 2090 1132 2125 Meinseck
1152 2090 1250 2126 Cinc.
1270 2110 1314 2114 —
1339 2090 1357 2116 h
1381 2090 1409 2134 f.
1441 2089 1498 2124 W.
1525 2108 1569 2113 —-
1594 2088 1604 2114 i
1629 2086 1771 2122 nomine

212 2148 248 2184 S.
277 2169 321 2173 —
347 2148 364 2174 k
390 2147 560 2183 isberulef
586 2148 773 2193 (isbernlef
788 2150 841 2184 bei
858 2149 968 2194 Bon.)
1000 2150 1036 2184 U
1041 2163 1053 2193 ,·
1078 2149 1336 2184 Bernlcvvinus
1356 2149 1455 2184 Oine.
1481 2167 1526 2172 —
1551 2148 1561 2174 1
1585 2150 1623 2182 et
1646 2157 1772 2191 regum

212 2208 350 2249 Leibm
388 2207 485 2242 Nota
518 2210 555 2242 et
593 2207 674 2243 vide
701 2208 865 2243 Tacitum
905 2208 947 2243 de
980 2208 1135 2243 moribus
1161 2208 1416 2244 Germanorum
1442 2210 1479 2243 et
1504 2207 1634 2242 Annal.
1659 2206 1722 2241 lib.
1749 2206 1772 2241 2

213 2266 277 2301 sub
303 2267 372 2302 fine
402 2266 444 2302 de
469 2266 632 2302 Arminio
659 2267 914 2303 Germanorum
941 2267 1132 2303 liberatore
1158 2270 1195 2303 et
1221 2268 1317 2303 duce.
1358 2268 1483 2303 Glosse
1518 2278 1584 2303 sec.
1611 2266 1771 2301 XVI.—

213 2326 350 2361 XVII.
376 2326 422 2361 L.
448 2346 491 2352 —-
518 2335 545 2352 ¹¹1
570 2337 751 2371 percussus
778 2329 833 2362 est
869 2327 924 2362 ita
960 2327 1016 2362 W.
1062 2347 1105 2351 ———
1144 2336 1161 2353 1¹
1194 2328 1222 2371 f.
1263 2327 1321 2363 W.
1348 2348 1390 2352 —
1418 2335 1433 2353 ⁰
1468 2327 1634 2372 equitans
1662 2325 1699 2362 S.
1726 2345 1770 2350 —-

213 2393 230 2418 Ι)
257 2385 372 2420 factus
398 2396 519 2421 caecus
545 2386 607 2421 ille
634 2388 689 2421 est
714 2386 751 2422 S.
779 2407 822 2411 —
849 2395 865 2419 ‘1
891 2385 965 2421 cab.
992 2388 1030 2421 et
1062 2386 1116 2421 W.

358 2552 392 2597 1)
419 2552 783 2597 Quamvis—alligari
808 2552 900 2586 nach
933 2552 1082 2587 Alcuins
1113 2553 1190 2587 vita
1218 2564 1244 2587 s.
1271 2551 1494 2587 Willibrordi
1519 2562 1547 2586 c.
1576 2551 1620 2585 14
1645 2549 1770 2595 (Jaffetz

214 2610 307 2646 Bibl.
336 2611 396 2646 VI.
424 2612 502 2662 50);
529 2611 620 2646 auch
647 2611 702 2646 die
728 2611 895 2655 Anfa'nge
921 2612 1098 2646 mehrerer
1124 2611 1184 2646 der
1210 2611 1402 2656 folgenden
1427 2610 1677 2654 Erzahlungen
1702 2608 1770 2644 zei-

213 2681 284 2714 gen
310 2670 602 2705 unverkennba-re
626 2670 815 2715 Ankliinge
841 2682 887 2705 an
913 2670 976 2705 das
1002 2670 1108 2705 Werk
1134 2671 1292 2706 Alcuins.

359 2743 395 2785 2)
421 2752 491 2776 non
517 2741 667 2776 tacenda
692 2753 765 2777 esse
792 2753 914 2777 censeo
941 2742 999 2777 sed
1026 2743 1142 2786 magis
1168 2743 1252 2777 stilo
1278 2741 1473 2786 alliganda,
1499 2741 1638 2776 Alcuin.

357 2813 393 2858 3)
420 2813 696 2848 Unzweifelhaft
720 2813 909 2858 Holwyrde
936 2813 993 2847 bei
1024 2813 1165 2858 Delfzyl
1191 2814 1239 2847 im
1265 2813 1458 2856 Hunusga;
1485 2823 1520 2846 es
1546 2811 1657 2845 findet
1682 2810 1769 2852 sich,

215 2872 281 2907 wie
308 2872 396 2907 auch
423 2872 480 2907 die
506 2873 640 2907 andern
667 2873 703 2907 in
731 2872 797 2907 den
824 2873 920 2907 vitae
947 2872 981 2906 S.
1008 2872 1179 2916 Lindgeri
1217 2874 1423 2916 genannten
1458 2870 1562 2912 orte,
1589 2869 1769 2905 mehrfach

216 2931 253 2964 in
279 2931 347 2966 (len
373 2932 471 2967 alten
498 2931 892 2967 Giiterverzeichnissen
917 2931 990 2966 und
1015 2931 1294 2976 Heberegistern
1319 2942 1386 2966 von
1411 2930 1574 2966 Werden.
