1801 3213
398 170 494 211 Vita
525 170 674 225 rythm.
703 183 734 215 s.
756 170 952 225 Liudgeri
992 170 1063 212 let.
1095 170 1147 212 II.
1468 171 1549 214 191

204 285 343 321 Hassi
368 288 423 321 esi:
448 287 604 330 regi01.
633 313 675 322 ..

669 365 713 370 -—
738 345 1025 380 Buddenfelt
1057 347 1266 386 vocatus,

38 405 141 448 455„
203 404 296 439 Nam
322 403 480 439 Buddo
508 403 623 439 dictus
649 408 704 439 es‘c
731 405 845 446 homo,
873 404 914 440 de
945 415 1012 450 quo
1039 403 1174 439 dictum
1200 406 1266 445 est,

275 465 331 498 est
356 466 392 498 et
417 474 500 498 crux
525 463 652 504 locata,
680 475 748 508 qua
776 466 830 498 est
857 475 910 498 res
936 466 1092 508 patrata,

204 522 252 558 Et
277 533 381 557 crux
407 522 594 567 lapidea
621 534 682 568 pro
708 524 971 568 perseverancia

275 584 312 616 et
336 592 398 626 pro
424 582 660 617 memorandis
685 584 823 617 eunctis
849 583 931 617 istis
957 582 1071 617 annis.

112 642 166 677 10·
203 642 290 684 Nec
322 642 418 683 illut
449 642 585 684 minus
617 644 689 693 est,
723 643 827 696 quod
865 643 906 683 ei:
937 655 1043 684 nunc
1076 640 1290 683 dicendum
1322 641 1397 692 est,

41 701 142 743 460·
277 711 412 747 factum
438 711 531 757 quod
556 712 665 746 fuisse
690 711 803 747 fertur
829 713 930 747 iuxta
955 711 1135 756 Meppe2
1162 738 1169 745 .
1198 738 1206 747 .
1233 737 1242 745 .
1269 737 1278 746 .

71 803 73 806 ι
114 796 173 802 ——-
203 772 290 814 Hec
322 774 368 814 ut
398 773 539 814 audita
572 774 679 823 sunt,
714 773 890 827 gloriosa
924 773 1032 814 dicta
1064 773 1157 813 sunt

273 843 456 885 mirabili
486 844 571 885 Deo
605 845 743 885 sancto
775 843 817 885 in
850 843 1065 897 Liudgero.

0 913 92 957 525.
127 925 181 960 11.
206 914 308 965 Illis,
342 927 443 968 quae
475 915 663 964 diximus,
697 915 776 956 iam
811 914 981 956 dicenda
1013 913 1215 964 addimus,

275 985 419 1039 quibus
451 987 492 1026 et
524 986 665 1027 beatus
697 986 758 1027 vir
790 988 852 1027 est
884 985 1124 1027 declaratus.

203 1083 286 1118 Est
319 1084 407 1118 villa
434 1062 540 1125 iifete,
567 1096 665 1119 secus
691 1088 830 1120 montes
857 1085 1076 1123 Wcrthiuae,

272 1143 343 1178 sibi
368 1155 436 1189 qua
463 1144 587 1179 emisse
614 1155 808 1179 mansum
835 1144 948 1179 fertur
974 1144 1049 1189 ipse

204 1213 371 1249 Sacerdos
397 1215 541 1249 Domini
567 1215 610 1250 de
637 1226 878 1260 quocumque
913 1204 1052 1255 DObili,

39 1273 141 1316 530,
273 1275 427 1318 precio
453 1278 624 1319 porrecto,
650 1286 724 1309 sese
750 1275 810 1309 sed
837 1275 1007 1319 decepto³
1032 1301 1040 1308 .
1068 1300 1076 1308 .
1105 1301 1111 1309 .
1140 1301 1148 1309 .

134 1351 179 1357 —
203 1332 252 1367 Et
278 1332 550 1377 indignissimus
576 1334 649 1375 ille,
676 1333 718 1368 de
748 1345 815 1379 quo
842 1333 1006 1374 diximus,

275 1393 379 1436 signo
405 1404 465 1437 pro
492 1396 611 1428 reatus
637 1393 748 1429 Caco
775 1396 845 1428 est
872 1397 1028 1428 vocatus.

112 1451 166 1486 12.
204 1452 300 1494 Istis
333 1453 490 1507 equalia
523 1455 617 1495 sunt
649 1454 818 1496 dicenda
850 1455 932 1495 alia

275 1523 341 1566 vel
373 1525 479 1566 certe
511 1525 664 1566 maiora
696 1526 735 1567 et
767 1525 1012 1580 insigniora:

40 1593 141 1636 555·
204 1604 309 1641 Cum
351 1596 396 1637 ut
428 1596 637 1649 sepissime
667 1610 792 1642 esset
816 1607 860 1642 in
886 1607 1075 1647 itinere,

272 1665 405 1710 presuli
432 1668 486 1700 est
511 1666 627 1701 factus
653 1667 752 1701 iuxta
778 1667 899 1711 ignem
925 1666 1111 1701 lectus⁴
1138 1693 1146 1701 .
1174 1691 1182 1700 .
1209 1692 1218 1700 .
1246 1692 1254 1701 .

135 1744 178 1750 ——
204 1725 358 1770 Preponi
383 1725 539 1771 aliquem
566 1737 634 1760 non
660 1725 786 1761 debere
812 1726 989 1760 hominem

274 1785 348 1822 Dei.
368 1785 424 1820 vel
450 1783 572 1820 ‘timori
597 1785 664 1820 Dei
691 1786 746 1820 vel
773 1785 895 1820 amori.

40 1844 141 1887 585,
203 1843 265 1879 Ad
290 1844 364 1886 hec,
391 1855 480 1889 quae
506 1844 725 1886 diximus,
752 1843 992 1879 confirmanda
1019 1842 1195 1878 dicimus⁵

275 1926 327 1958 ea,
353 1926 442 1961 quae
468 1918 673 1961 sequuntur,
700 1906 797 1947 libri
828 1907 874 1947 Ut
904 1905 1122 1947 testantur.

112 1975 165 2010 13.
204 1974 298 2009 Dum
323 1974 416 2020 apud
442 1975 612 2010 Karolum
644 1979 829 2010 accusatus
855 1975 1006 2010 nimium

275 2037 367 2069 esset
394 2035 449 2069 vir
474 2034 600 2070 beatus
635 2037 672 2070 et
698 2035 741 2069 ob
768 2035 859 2070 hoc⁶
885 2037 1041 2075 vocatus,

203 2092 344 2128 Juxta
369 2094 594 2138 palacium
620 2094 748 2129 habuit
774 2094 972 2139 hospicium
999 2120 1006 2128 .
1034 2120 1041 2127 .
1071 2120 1078 2128 .
1107 2119 1116 2129 .

117 2177 171 2183 —
205 2152 306 2196 Sunt
338 2154 510 2207 quedam
542 2155 623 2196 alia
655 2155 770 2196 nulla
803 2155 953 2208 scripta
985 2153 1134 2208 pagina

275 2225 413 2266 iamen
445 2238 545 2278 quae
577 2238 776 2276 curamus,
810 2227 855 2267 ui
887 2237 957 2266 nos
989 2224 1281 2274 adscribamus,

205 2294 312 2336 Nam
344 2295 601 2338 veracissimo
635 2296 708 2337 illa
738 2296 969 2338 testimonio

42 2367 141 2410 640.
271 2366 418 2420 ubique
449 2367 662 2421 proborum
695 2367 879 2409 novimus
912 2368 1102 2409 virorum.

111 2448 167 2484 14.
205 2435 305 2479 Cum
337 2437 450 2479 iuxta
482 2439 719 2492 Arnapham
752 2438 897 2480 Welde
930 2438 1078 2480 curtim
1110 2437 1285 2491 positam

275 2509 380 2551 esset
411 2508 609 2563 gloriosus
641 2509 880 2551 Werthinae
917 2510 1123 2562 patronus,

134 2603 216 2638 455.
256 2602 391 2638 dictum
416 2614 506 2638 corr.
533 2604 611 2639 und
635 2615 704 2640 ”con
729 2604 884 2639 amlerer
909 2603 1027 2638 Hand
1055 2601 1095 2637 T.
1134 2622 1178 2627 —-
1215 2603 1294 2638 527.
1333 2603 1426 2638 uach
1451 2613 1549 2637 secus

0 2662 41 2698 ist
64 2662 102 2696 in
126 2673 216 2697 corr.
245 2661 284 2697 T.
323 2682 367 2686 —
406 2663 485 2698 (340.
512 2663 665 2697 virorum
703 2674 794 2698 corr.
823 2663 998 2698 viellez'cht
1022 2673 1090 2696 acts
1114 2664 1315 2696 nostrorum
1343 2662 1383 2699 17.
1411 2681 1452 2686 ——
1481 2662 1549 2696 641

0 2721 119 2756 -756,
144 2722 242 2767 yeclr.
269 2721 364 2756 Bon.
392 2742 431 2746 —
463 2722 540 2756 1341.
580 2721 654 2756 Hoc
691 2721 783 2767 quod
818 2722 876 2755 hic
913 2723 1081 2756 narratur
1106 2720 1261 2762 factum,
1299 2720 1431 2755 accidit
1455 2719 1548 2765 apud

0 2779 124 2816 flumen
150 2780 207 2815 die
232 2780 333 2816 Aerff
354 2781 445 2815 circa
471 2783 606 2816 curtem
631 2780 851 2816 Welderhoff
871 2791 977 2825 prope
1001 2780 1169 2814 Nussiam
1195 2792 1229 2815 α.
1254 2779 1301 2815 R.
1331 2780 1370 2815 T.

136 2875 170 2920 1)
195 2875 284 2909 Vita
308 2875 356 2911 Π.
382 2886 410 2912 c.
437 2876 501 2918 25;
536 2876 614 2910 vita
639 2875 705 2910 111.
736 2886 763 2910 c.
789 2875 846 2911 34.
886 2895 929 2900 —
966 2875 1002 2919 2)
1028 2873 1116 2909 Vita
1142 2874 1190 2909 II.
1217 2884 1245 2910 c.
1272 2874 1335 2915 273
1374 2874 1452 2908 vita
1477 2873 1546 2908 ΙΙΙ.

0 2943 23 2969 c.
50 2933 106 2968 35.
145 2952 189 2957 —
224 2935 261 2979 3)
287 2934 374 2969 Vita
399 2935 467 2970 111.
493 2946 521 2969 e.
547 2936 603 2970 36.
643 2955 686 2960 —-
722 2935 759 2980 4)
785 2935 872 2970 Vita
903 2934 951 2970 11.
990 2945 1019 2970 c.
1044 2935 1108 2976 323
1147 2934 1224 2968 vita
1261 2933 1330 2968 ΙΙΙ.
1364 2944 1392 2968 c.
1418 2933 1475 2969 37.
1503 2953 1548 2958 —-

0 2991 143 3038 {avita
167 2993 235 3028 ΙΙΙ.
262 3004 290 3028 c.
317 2994 374 3029 42.
401 3013 445 3019 —
471 2995 506 3039 6)
532 2994 619 3029 Vita
644 2994 693 3029 II.
719 3005 746 3029 c.
772 2994 829 3030 31.
