1864 3213
464 139 644 182 Altfridi
674 139 761 182 vita
792 151 824 181 s.
857 138 1053 194 Liudgeri
1083 138 1155 183 lib.
1186 139 1220 180 Ι.
1564 139 1620 181 37

60 259 272 312 occupavit
302 246 375 301 aut
405 257 449 299 in
479 256 721 299 lectionibus
767 256 892 300 sacris
939 256 1139 299 audiendo
1177 256 1248 298 aut
1279 255 1322 297 in
1354 255 1521 310 psalmis
1554 268 1621 298 ca-

58 329 191 371 nendo
237 329 301 371 vel
347 328 470 370 etiam
504 328 546 369 in
577 327 670 369 aliis
713 315 954 381 quibusdam
986 326 1240 381 spiritalibus
1271 327 1418 369 rebusa
1448 327 1619 381 agendo,

59 413 110 442 nc
141 413 334 453 umquam
365 412 389 441 a
419 411 591 452 superna
624 398 966 452 contemplatione
1014 397 1239 440 dissolutab
1288 398 1532 452 tepesceret,
1580 398 1622 440 et

59 483 160 525 pene
192 471 332 513 diebus
363 470 539 525 singulis
570 470 789 511 missarum
819 470 1072 511 sacramenta
1105 469 1290 523 quamvis
1322 470 1511 523 aegrotus
1533 481 1621 511 cor-

59 555 166 596 pore,
200 542 444 597 infatigatus
475 541 613 582 tamen
631 541 767 582 animo
796 540 1030 583 celebravit.
1062 540 1153 594 Ipse
1185 553 1276 582 vero
1310 541 1373 582 die
1405 539 1619 592 dominico,

59 626 151 656 cum
182 613 225 655 in
256 613 496 656 subsecutac
527 612 643 654 nocte
677 612 725 653 de
759 611 833 653 hoc
865 611 1187 667 esset„mund0‹1
1232 611 1363 652 iturus
1395 610 1447 652 ad
1478 610 1621 652 Domi-

57 697 169 734 num,
203 684 317 738 quasi
349 684 595 727 valefaciens
627 683 793 727 creditis
825 683 904 726 sibi
943 683 1111 726 ovibuse
1143 684 1186 725 in
1218 684 1373 726 duabus
1415 683 1498 725 suis
1529 696 1620 726 aec-

58 755 192 798 clesiis
223 755 382 809 publice
413 755 653 809 predicavit,
687 768 806 797 mane
822 755 980 798 scilicet
1010 755 1052 796 in
1084 755 1182 808 loco,
1217 756 1285 810 qui
1319 755 1467 798 dicitur
1501 755 1620 798 Coas-

58 825 170 866 feldf
184 827 211 877 1,
245 826 412 874 canente
430 826 652 880 presbitero
685 827 866 877 missam,
891 827 930 866 et
962 826 1068 868 circa
1089 826 1229 868 horam
1262 827 1427 868 tertiam
1459 826 1501 867 in
1532 826 1620 868 loco

54 897 288 950 nuncupato
320 897 591 949 Billurbekig,
624 897 695 939 ubi
724 898 809 951 ipse
827 897 1087 939 infirmatush
1119 910 1295 951 corpore,
1327 898 1374 939 ut
1405 911 1525 951 supra
1556 909 1619 939 re-

58 968 242 1019 tulimus,
275 968 343 1010 sed
375 968 533 1010 fervore·
574 968 781 1010 caritatisi
831 968 989 1011 validus
1032 969 1173 1011 devote
1220 969 1436 1011 missarum
1470 969 1617 1011 ultima

56 1038 277 1081 celebravit
308 1039 560 1094 sollempnia,
593 1040 665 1088 ubi
696 1040 822 1082 etiam
854 1040 941 1093 ipsa
979 1040 1238 1093 subsequenti
1270 1041 1385 1082 nocte
1417 1040 1618 1082 adsisten-
1720 1046 1805 1090 809
1863 1066 1864 1072 =

55 1110 167 1152 tibus
213 1110 424 1164 discipulis
473 1111 665 1153 dilectam
714 1112 916 1153 Dominok
960 1106 1141 1153 reddidit
1188 1111 1380 1155 animam.
1443 1112 1491 1152 In
1529 1111 1618 1165 ipsa
1648 1117 1762 1160 Marz
1793 1118 1864 1162 26,

56 1181 187 1237 igitur
218 1182 348 1224 exitus
394 1183 456 1225 sui
500 1183 598 1226 hora
645 1183 886 1225 clementiae
935 1195 1030 1224 suae
1076 1183 1274 1225 Dominus
1321 1182 1515 1237 dignatus
1555 1182 1618 1224 est

54 1253 265 1295 ostendere
296 1253 472 1308 signum.
515 1254 624 1295 Nam
658 1253 871 1296 Gerfridus
902 1253 1102 1307 presbiter
1144 1266 1264 1307 nepos
1297 1254 1380 1296 eius
1413 1254 1453 1295 et
1483 1266 1618 1296 suces-

56 1336 122 1365 sor
154 1337 245 1365 cum
277 1324 393 1366 nocte
426 1324 565 1366 eadem
598 1337 678 1366 una
713 1337 804 1366 cum
845 1325 1041 1366 fratribus
1082 1325 1218 1379 gratia
1249 1323 1450 1367 visitandi
1480 1324 1532 1366 ad
1564 1323 1617 1365 11-

54 1394 140 1436 111111
173 1395 346 1437 festinus
377 1396 628 1449 properasset
661 1396 702 1437 et
748 1395 959 1448 paululum
1005 1395 1137 1437 adhuc
1183 1395 1343 1437 itineris
1375 1395 1615 1446 remaneret,

57 1465 248 1507 viderunt
277 1466 372 1507 ante
404 1478 446 1508 se
477 1466 615 1507 lumen
657 1478 850 1520 magnum
898 1466 1013 1520 quasi
1060 1466 1198 1521 ignem
1230 1466 1273 1507 in
1318 1466 1491 1508 sublime
1523 1478 1616 1508 con-

53 1538 267 1580 scenderel
327 1551 373 1580 ac
405 1539 572 1580 cunctas
604 1538 734 1580 tetrae
767 1538 955 1581 noctrism
987 1539 1186 1593 effugasse
1217 1538 1416 1580 tenebras.
1450 1538 1503 1579 Et
1534 1537 1616 1579 sta-

54 1608 132 1649 tim
163 1622 233 1662 per
254 1609 328 1651 hoc
350 1608 576 1652 indiciumn
607 1609 888 1664 intelligentes
920 1610 1050 1653 sancti
1087 1619 1160 1652 ac⁰
1192 1609 1434 1652 venerabilis
1455 1608 1614 1663 patrisp

56 1682 225 1732 obitum,
257 1680 361 1734 quod
392 1681 592 1736 reliquum
628 1683 715 1724 erat
749 1682 852 1733 viae,
900 1695 993 1724 cum
1024 1694 1174 1736 magna
1206 1681 1419 1723 velocitate
1449 1692 1615 1735 perege-

56 1754 152 1794 runt
196 1753 354 1806 iamque
386 1765 478 1794 eum
510 1753 749 1796 defunctum
783 1753 1038 1796 invenerunt.
1084 1753 1138 1794 Et
1169 1751 1376 1794 subtiliter
1407 1751 1614 1805 requiren-

52 1823 114 1866 tes
145 1809 409 1879 agnoverunt,
443 1824 547 1878 quod
580 1825 720 1867 eodem
756 1825 960 1866 momento
991 1824 1078 1867 veri
1108 1823 1275 1865 luminis
1306 1822 1493 1864 assiduus
1525 1834 1614 1875 spe-

51 1894 210 1937 culator
241 1896 281 1937 et
312 1895 468 1937 amator
500 1896 697 1951 migravit
731 1895 782 1937 ad
806 1895 1040 1947 Dominum,
1073 1907 1151 1949 quo
1183 1894 1241 1937 eis
1272 1894 1353 1935 fuit
1383 1906 1453 1947 per
1475 1893 1613 1935 lumen

51 1966 271 2008 ostensum.

195 2038 264 2079 32.
328 2037 462 2092 Igitur
492 2038 685 2092 discipuli
731 2051 810 2081 non
856 2039 1124 2089 inmemores,
1174 2036 1349 2091 qualiter
1389 2035 1499 2078 idem
1529 2035 1612 2078 Do-

50 2107 153 2149 mini
185 2108 397 2151 sacerdos‘l
429 2109 680 2163 disposuerat
712 2110 844 2152 adhuc
879 2109 1065 2159 vivensr,
1113 2108 1160 2149 ut
1190 2107 1233 2149 in
1265 2107 1351 2149 loco
1382 2107 1612 2161 nuncupato

51 2178 268 2220 Werthina
286 2180 322 2231 2,
369 2180 439 2222 ubi
484 2182 527 2222 in
558 2181 786 2223 hereditate
835 2180 995 2235 propria
1013 2181 1029 2205 ³
1066 2180 1115 2221 ob
1161 2178 1440 2221 habitaculum
1472 2190 1613 2220 mona-

195 2314 211 2332 a
236 2306 458 2352 quibuslibet
482 2307 586 2343 rebus
612 2308 942 2356 spiritualibusW.
962 2328 1006 2333 —
1030 2308 1047 2333 b
1072 2319 1171 2343 mens
1198 2319 1231 2343 a.
1257 2308 1303 2343 R.
1336 2307 1393 2342 W.
1419 2327 1464 2332 —
1489 2315 1504 2333 e
1530 2306 1611 2341 sub-

49 2366 216 2411 sequenti
248 2365 304 2401 W.
333 2385 378 2392 —-
403 2367 420 2393 d
445 2378 491 2402 m.
518 2378 546 2402 e.
580 2367 636 2403 W.
676 2388 720 2393 —
759 2376 774 2394 e
799 2367 962 2403 omnibus
988 2368 1117 2403 Leibn.
1153 2367 1232 2402 und
1261 2367 1374 2402 daher
1399 2368 1455 2402 als
1478 2366 1612 2402 Lesart

50 2425 113 2460 des
137 2425 212 2460 cod.
230 2427 250 2459 1
275 2426 336 2468 (=
365 2426 424 2469 W)
451 2427 505 2462 bei
520 2427 640 2462 Perta.
667 2447 711 2452 —
736 2427 751 2453 f
772 2427 930 2463 Coasfelt
954 2427 1018 2469 W;
1046 2426 1207 2463 Coesfeld
1233 2438 1267 2461 a.
1293 2426 1340 2461 R.
1357 2426 1403 2460 L.
1431 2444 1475 2450 —-
1500 2434 1518 2459 g
1534 2425 1610 2460 Bil-

50 2483 190 2519 iurbike
222 2483 279 2519 W.
307 2505 351 2510 —
376 2485 395 2511 11
420 2485 483 2521 inf.
511 2486 585 2531 ipse
617 2486 674 2522 W.
701 2507 745 2512 —
770 2488 780 2513 i
805 2487 975 2522 karitatis
1007 2486 1074 2530 W,·
1100 2487 1227 2522 charit.
1253 2485 1288 2521 S.
1310 2504 1354 2510 —
1379 2485 1398 2511 k
1423 2484 1486 2520 deo
1499 2484 1536 2520 S.
1564 2504 1608 2511 —-

76 2542 263 2579 ascendere
296 2544 352 2580 W.
381 2565 424 2570 —
463 2553 490 2571 ¹¹²
524 2545 575 2580 W
591 2557 618 2581 s.
644 2547 686 2581 h:
713 2546 823 2582 illius.
852 2566 895 2571 —
920 2555 938 2573 1²
962 2558 1023 2591 per
1048 2546 1114 2581 hoc
1139 2548 1184 2582 st.
1203 2544 1277 2581 ind.
1310 2545 1368 2580 W.
1397 2564 1440 2568 ——
1466 2552 1482 2571 0
1507 2547 1545 2580 et
1569 2544 1607 2581 S.

50 2621 96 2628 —
121 2610 139 2635 Ι)
165 2602 234 2637 viri
269 2602 323 2638 W.
352 2623 395 2629 —
420 2612 438 2637 <1
463 2615 531 2639 sac.
558 2604 650 2640 dom.
687 2605 741 2641 W.
768 2625 811 2631 -
836 2613 850 2632 r
875 2606 977 2640 vivus
1002 2605 1039 2641 S.

190 2723 226 2767 1)
252 2721 425 2758 Ooesfeld.

191 2782 226 2826 2)
253 2780 417 2816 Werden.

189 2841 226 2883 3)
252 2839 326 2875 Auf
347 2839 427 2875 dem
463 2839 574 2875 durch
610 2840 823 2885 Schenkung
855 2840 928 2876 und
954 2840 1092 2876 Tausch
1116 2840 1342 2876 erworbenen
1368 2839 1604 2876 Grundbesitz

43 2910 76 2934 s.
103 2899 181 2934 vita
204 2899 252 2935 Π.
274 2910 305 2935 c.
331 2900 379 2935 28
404 2911 439 2934 u„
463 2899 568 2935 Anm.
