1801 3213
142 179 145 181 μ
189 126 275 169 252
658 123 756 166 Vita
787 123 957 166 metrica
989 136 1020 166 3.
1053 123 1261 179 Liudgeri.

329 244 361 278 2.
399 244 480 279 Hiis
505 243 576 279 tibi
601 240 819 287 temporibus
851 240 1070 275 Traiecti
1095 240 1201 275 sede
1226 240 1362 275 locatus

396 303 562 338 Praefuit
587 302 740 336 antistes
774 301 927 345 primum
952 299 1278 335 Willibrordus
1304 301 1342 335 et
1367 301 1450 334 actu

398 362 447 396 Et
472 361 579 396 verbo
605 360 753 401 Christi,
780 359 841 404 qui
865 361 902 394 te
927 359 1145 404 baptismate
1169 359 1282 393 lotam

245 421 315 465 45,
396 421 453 455 Sic
479 420 549 454 tibi
575 419 722 464 sculpsit
746 419 828 460 iter,
853 418 937 453 fidei
962 417 1165 453 rudimenta
1189 418 1409 460 ministrans,

398 480 552 522 Unicus
583 479 629 520 ut
659 479 787 520 terror
820 477 972 520 Christi
1004 478 1058 520 sis
1089 477 1285 529 hostibus,
1319 491 1445 519 unum

395 551 449 592 Et
481 549 654 604 speciale
685 549 816 591 crucis
848 549 1056 600 vexillum,
1090 548 1234 600 Frisia,
1268 548 1402 603 gestes
1418 550 1444 589 1.

397 620 576 655 Praesulis
600 619 739 654 interea
766 647 773 653 .
800 646 808 654 .
836 645 843 653 .

751 696 793 702 —-
822 678 1022 722 Titgrimus
1047 677 1161 712 eidem

395 738 522 779 Filius,
549 737 707 772 extincto
732 739 844 782 patre,
870 736 1056 781 Lifburgis
1081 736 1236 771 sociatur

245 799 313 840 (35,
395 797 581 842 Coniugio,
608 797 676 832 tali
702 797 756 831 vir
782 796 868 831 talis
894 797 1043 840 coniuge
1069 795 1197 840 dignus
1209 795 1233 831 2.

324 857 356 892 3.
395 857 496 892 Hanc
521 857 590 892 sibi
616 855 823 901 promissam
850 855 1038 896 divinitus,
1065 855 1155 889 hanc
1186 855 1384 900 parituram

397 928 458 969 Te,
484 927 653 971 Lutgere‚
681 929 821 958 canem
840 916 856 940 3
859 948 1044 966 .....

187 990 282 1031 133,
324 988 356 1023 4.
398 987 576 1031 Tempus
602 988 724 1028 erat,
752 996 819 1031 quo
846 985 1049 1020 Traiecti
1075 986 1145 1020 vir
1170 984 1305 1030 prefuit
1328 985 1391 1020 ille

396 1046 596 1090 Egregius4
622 1072 631 1081 .
660 1072 667 1080 .
695 1073 702 1080 .

217 1107 313 1149 154.
397 1106 503 1158 Quid
535 1105 584 1147 de
615 1106 796 1160 profectu
828 1118 982 1147 morum
1015 1105 1184 1158 loquar?
1234 1115 1334 1150 Utile
1360 1114 1555 1150 membrum

218 1178 313 1220 155,
395 1175 584 1217 Ecclesiae,
610 1175 733 1210 mundi
759 1177 895 1220 spretor
918 1175 1076 1220 civisque
1101 1175 1243 1209 futurus

395 1235 615 1276 Sanctorum,
642 1234 769 1280 positis
794 1235 947 1279 primum
973 1234 1015 1269 de
1041 1245 1135 1269 more
1162 1234 1311 1279 capillis,

395 1295 647 1337 PsallessliUm
680 1316 824 1340 numero
855 1306 1008 1343 iunctus.
1035 1316 1109 1340 sese
1139 1305 1284 1350 speciali

395 1364 551 1409 Occupat
576 1364 702 1407 officio,
728 1376 820 1399 nunc
845 1365 918 1407 hos,
944 1375 1037 1399 nunc
1067 1365 1255 1409 praevenit
1284 1364 1366 1398 illos

171 1473 173 1476 Ι
396 1423 591 1469 Obsequio;
620 1423 735 1467 rigide
762 1423 898 1458 dulcem
924 1424 1150 1469 rigidumque
1175 1423 1313 1458 videres

215 1486 310 1527 160.
393 1495 561 1530 Dulcem:
611 1484 715 1526 illud
748 1497 886 1538 agens,
928 1485 1043 1538 pater
1074 1485 1318 1539 Augustine,
1351 1483 1455 1537 quod
1486 1482 1617 1536 inquis
1637 1484 1674 1525 ⁵:

402 1556 588 1606 „Limina
620 1568 826 1597 sacrarum
857 1555 892 1598 si
924 1557 1012 1609 quis
1048 1556 1147 1597 terit
1178 1555 1452 1606 ecclesiarum,

393 1627 505 1669 Haec
537 1628 616 1668 tria
648 1629 742 1669 sunt
774 1627 971 1669 servanda
1003 1627 1095 1678 sibi,
1128 1627 1292 1681 psallat,
1330 1626 1455 1681 legat,
1488 1627 1614 1668 oret“.

392 1697 485 1731 Hinc
510 1697 647 1732 cunctis
672 1697 891 1732 venerandus
916 1699 1003 1738 erat,
1029 1697 1112 1732 hinc
1138 1696 1300 1732 unicus
1325 1696 1395 1741 ipsi

394 1756 551 1798 Doctori,
578 1768 647 1791 non
674 1756 878 1801 discipulus,
905 1755 965 1790 sed
990 1755 1143 1790 filius:
1169 1767 1250 1790 uno

216 1816 310 1859 165,
392 1815 443 1849 Ut
469 1815 623 1857 vultu,
650 1815 698 1850 sic
724 1818 761 1850 et
787 1815 937 1850 animo
964 1826 999 1850 se
1026 1826 1160 1860 semper
1185 1814 1322 1859 agendo

395 1873 566 1909 Omnibus
592 1874 749 1917 inferior,
777 1886 880 1920 quem
905 1874 1056 1920 pretulit
1081 1874 1244 1909 omnibus
1270 1876 1403 1909 auctor.

322 1969 379 2004 42.
407 1969 501 2004 Bon.
526 1970 602 2004 hds.
631 1981 658 2005 s.
684 1971 717 2005 h.
742 1982 806 2005 roo·
831 1970 932 2005 sede:
968 1971 1016 2005 in.
1052 1989 1095 1995 —
1129 1970 1185 2004 46.
1212 1969 1308 2003 Nota
1335 1968 1499 2003 Frisones
1525 1978 1598 2003 esse
1624 1966 1733 2013 privi-

181 2027 335 2071 legiatos
361 2028 453 2073 quod
477 2029 584 2073 primi
609 2028 762 2064 debeant
799 2040 873 2064 esse
911 2030 948 2064 in
974 2040 1052 2064 acre
1089 2041 1123 2064 a.
1149 2029 1195 2065 R.
1222 2028 1316 2063 Hds.
1355 2047 1399 2052 —
1436 2028 1490 2062 63.
1529 2026 1604 2062 scil.
1631 2026 1734 2072 Wyr-

181 2086 330 2132 syngho.
359 2107 401 2112 —
436 2088 491 2122 64.
517 2090 632 2123 mater
669 2089 785 2122 sancti
810 2088 968 2133 Ludgeri
996 2089 1071 2123 mul
1096 2089 1151 2123 (35.
1177 2089 1280 2132 pater
1305 2086 1420 2122 sancti
1445 2085 1600 2130 Ludgeri
1627 2098 1661 2121 a.
1686 2086 1733 2121 R.

181 2145 275 2181 Has.
304 2165 347 2170 -
373 2146 427 2181 66.
455 2151 541 2182 statt
565 2146 761 2182 divinitus:
799 2148 1011 2192 genitricem
1036 2149 1144 2192 atque
1169 2147 1262 2182 Boll.
1287 2146 1365 2181 hds.
1392 2166 1435 2170 —
1463 2146 1542 2180 133.
1570 2145 1733 2180 Traieeto

181 2205 274 2240 Bon.
300 2205 377 2240 hds.
415 2225 459 2229 —
497 2206 574 2240 156.
613 2206 760 2249 Quando
787 2208 939 2252 primum
965 2217 1128 2241 coronam
1153 2212 1354 2250 acceperat,
1393 2205 1485 2250 quod
1511 2206 1565 2240 est
1591 2205 1733 2249 signum

179 2264 340 2299 clericale
367 2276 400 2300 a.
427 2265 472 2300 R.
503 2265 598 2301 Hds.

323 2384 357 2429 1)
383 2383 470 2419 Vers
496 2385 541 2419 46
555 2383 579 2418 f.
606 2383 693 2419 hebt
727 2383 783 2419 die
819 2385 931 2419 Treue
969 2383 1173 2418 Frieslands
1202 2383 1250 2417 im
1277 2382 1570 2418 Christenthume
1594 2381 1731 2423 herrm,

179 2453 216 2478 so
242 2442 322 2477 dass
348 2442 405 2477 die
430 2442 618 2477 Randnote
656 2442 720 2477 auf
751 2443 866 2478 61116111
903 2443 1259 2478 Missverstandnisse
1291 2442 1432 2476 beruht.
1481 2441 1554 2476 Das
1578 2439 1732 2476 Pseudo-

179 2501 312 2546 diplom
343 2501 448 2536 Karls
473 2501 533 2536 des
571 2500 723 2536 Grossen
762 2502 916 2536 verleiht
953 2501 1020 2536 den
1055 2501 1199 2536 Friesen
1238 2501 1379 2536 freilich
1417 2500 1479 2536 das
1504 2500 1732 2545 Vorkampfs-

178 2561 288 2601 recht,
315 2559 437 2596 dessen
463 2561 538 2594 sich
564 2562 663 2595 sonst
688 2560 746 2595 die
773 2560 965 2595 Schwaben
990 2561 1169 2601 riihmten,
1196 2560 1253 2595 die
1279 2572 1315 2594 es
1341 2559 1513 2594 ebensalls
1538 2558 1731 2604 sagenhaft

177 2619 233 2654 bis
258 2619 324 2654 auf
345 2618 403 2654 die
428 2619 507 2654 Zeit
532 2619 638 2654 Karls
665 2619 724 2654 des
750 2618 901 2654 Grossen
919 2619 1199 2654 zuriickleiteten
1229 2619 1315 2663 (vgl.
1342 2618 1616 2653 Kaiserchronik
1641 2618 1730 2653 Vers

178 2679 269 2713 1433
283 2678 338 2721 ff.‚
373 2677 461 2712 (lazu
486 2677 689 2712 Massmann
716 2678 754 2712 in
792 2678 908 2712 seiner
933 2677 1100 2721 Ausgabe
1125 2678 1195 2713 III.
1222 2678 1289 2712 989
1303 2677 1365 2722 ff.).
1394 2697 1437 2702 —
1463 2677 1500 2722 2)
1525 2676 1628 2711 Nach
1653 2677 1730 2711 vita

177 2736 206 2772 Ι.
233 2737 324 2781 (vita
342 2737 411 2771 ΙΙΙ.
429 2737 625 2771 Recension
643 2737 715 2781 III)
742 2747 769 2771 c.
788 2737 820 2771 4.
840 2737 872 2771 5.
900 2756 943 2760 —
968 2738 1005 2779 3)
1030 2736 1130 2771 Nach
1161 2737 1234 2770 vita
1252 2736 1320 2771 III.
1339 2746 1366 2770 c.
1386 2736 1419 2771 3.
1438 2736 1470 2771 4.
1499 2755 1542 2760 —
1566 2736 1604 2781 4)
1629 2734 1730 2770 Nach

177 2795 254 2830 vita
273 2795 342 2829 ΙΙΙ.
367 2805 395 2830 c.
423 2796 453 2830 6.
485 2815 528 2820 —
555 2796 589 2840 5)
615 2796 696 2839 Vgl.
724 2795 784 2830 des
810 2796 858 2829 hl.
885 2795 1109 2839 Augustinus
1135 2796 1315 2830 enarratio
1334 2795 1371 2829 in
1397 2805 1448 2839 ps.
1472 2795 1535 2836 99,
1563 2793 1729 2839 Ausgabe

176 2853 238 2888 der
263 2854 454 2895 Maminer,
484 2853 632 2888 Parisiis
661 2855 763 2895 1337,
783 2854 844 2888 IV.
872 2855 974 2889 1538.
