1864 3213
470 161 568 205 Vita
599 160 676 204 III.
708 175 740 205 s.
775 156 970 217 Liudgeri
999 159 1073 205 lib.
1103 158 1157 202 ΙΙ.
1506 157 1588 202 127

39 282 267 325 distulisset
279 290 308 333 ²,
342 280 488 335 eapitis
519 280 665 323 incidit
696 279 885 322 dolorem.
947 280 995 321 In
1026 292 1104 333 quo
1135 291 1226 321 oum
1260 291 1403 321 novem
1434 290 1591 320 menses

36 353 241 396 laboraret
273 353 313 394 et
334 352 415 394 iam
438 351 735 402 intolerabilisb
767 351 871 393 sibi0
903 350 1120 401 videretur,
1155 349 1206 391 ab
1237 349 1462 392 ancillulad
1493 361 1591 403 qua-

38 425 174 475 dame,
206 436 306 478 quae
348 424 410 465 eif
438 423 729 472 famulabatur,
764 422 844 464 voti
877 422 940 464 sui
971 421 1019 463 de
1050 420 1251 463 velamine
1283 420 1475 462 sumendo
1506 432 1592 462 am-

37 495 191 536 monita
223 495 295 536 est.
359 493 476 535 Unde
510 493 658 534 iterum
694 492 794 534 illue
825 492 1011 543 deducta,
1044 491 1194 534 iterum
1225 491 1407 533 ibidem&
1437 491 1589 541 curata,

37 567 177 609 votum
210 578 327 607 suum
359 564 581 618 adimplere
612 551 799 618 percepto
830 563 888 606 ibi
919 563 1120 605 velamine
1142 563 1311 606 curavit.
1342 563 1408 604 Ita
1437 561 1591 616 triplici

38 636 155 679 modo
187 649 257 690 per
288 636 481 679 virtutem
514 635 590 677 Dei
622 635 831 689 sanctique
862 635 926 677 sui
947 634 1254 688 opitulationem
1280 634 1456 676 sanatah
1487 646 1592 675 nunc

36 708 80 749 in
111 707 354 750 monasterio
385 705 768 757 sanctimonialium,
806 705 909 759 quod
941 705 1157 747 Astnidhii
1175 706 1190 729 1
1221 704 1464 759 appellatur,
1497 704 1592 746 reli-

38 778 193 834 giosam
226 777 354 821 v'itam
387 777 511 821 ducit.

180 851 249 892 31.
282 850 387 891 Item
418 849 468 892 de
498 849 582 891 alia
609 849 766 891 oaecak.
801 848 985 901 Quedam
1006 848 1241 891 iuvenculal
1273 848 1322 891 de
1344 847 1458 900 villa,
1491 860 1592 902 quae
1615 844 1676 881 SS.
1702 845 1751 880 ῙῙ-

41 921 257 963 Ballau¹¹¹2
286 920 465 972 vocatur,
513 920 564 962 ad
611 932 681 962 nos
711 932 735 962 a
768 919 1005 974 parentibus
1037 919 1119 961 suis
1151 919 1326 962 adducta
1357 920 1431 962 est.
1479 920 1592 963 Haec
1640 894 1721 929 423.

38 992 214 1034 variolae
246 991 528 1034 infirmitatem
560 991 742 1034 incidens
775 991 893 1032 unius
915 990 1021 1033 oculi
1042 990 1175 1033 visum
1196 991 1370 1044 pustulis
1391 990 1591 1045 pupillam

37 1063 361 1106 obducentibusn
391 1064 522 1117 primo
552 1062 771 1117 perdidito.
814 1062 972 1104 Deinde
1003 1063 1094 1117 post
1125 1062 1352 1105 revolutum
1385 1062 1482 1104 anni
1514 1063 1592 1105 cir-

38 1134 200 1177 culumv
233 1135 372 1176 eodem
404 1135 541 1176 morbo
573 1135 748 1176 alterum
785 1147 937 1188 quoque
983 1134 1144 1176 oculum
1176 1133 1356 1178 amisitq.
1418 1133 1591 1176 Proinde

39 1205 90 1247 ad
121 1207 317 1257 nostrum,
350 1206 395 1247 ut
428 1205 647 1257 diximusr‚
697 1206 987 1247 monasterium
1020 1204 1197 1247 adducta
1230 1205 1388 1247 noctem
1420 1204 1593 1247 domini-

39 1289 141 1329 cam,
175 1289 274 1330 quae
306 1277 487 1331 proxima
519 1278 619 1328 erat,
666 1276 908 1332 pervigilem
951 1276 1066 1318 duxit
1097 1289 1187 1319 eum
1221 1277 1304 1319 suis
1336 1279 1456 1330 atque
1488 1276 1593 1319 divi-

39 1361 133 1390 nam
165 1348 244 1390 sibi
276 1348 595 1390 misericordiam
627 1361 697 1402 per
728 1348 873 1390 merita
906 1347 969 1389 sui
1000 1347 1238 1390 confessoris
1265 1347 1478 1390 subvenire
1501 1360 1594 1402 sup-

38 1419 222 1474 pliciterS
252 1420 485 1473 postulavit.
524 1419 702 1474 Cumque
733 1421 892 1474 tempus
924 1420 992 1462 utt
1024 1419 1142 1474 signa
1173 1419 1224 1461 ad
1256 1420 1472 1461 nocturnas
1502 1418 1594 1473 pul-

42 1492 240 1543 sarentur,
275 1491 547 1543 advenisseffl,
581 1491 669 1545 ipsa
691 1491 796 1533 inter
819 1491 983 1546 primos⁷
1023 1492 1090 1546 qui
1114 1491 1210 1534 foris
1242 1492 1363 1533 antev
1395 1490 1593 1533 ianuamw

181 1628 198 1646 a
223 1620 317 1657 Bou.
344 1631 370 1655 s.
397 1621 440 1655 h:
466 1621 513 1655 in.
539 1641 582 1645 -—
608 1620 625 1646 b
652 1620 914 1656 intolerabilius
939 1621 976 1656 J.
999 1621 1065 1656 Br.
1090 1641 1132 1646 —-
1159 1628 1173 1647 0
1199 1621 1224 1665 f.
1251 1621 1288 1656 J.
1315 1621 1380 1655 ΒΤ.
1410 1641 1452 1646 —-
1490 1620 1507 1646 (ἰ
1533 1631 1594 1655 an-

39 1680 122 1715 cilla
147 1679 183 1715 J.
211 1700 255 1705 —-
281 1688 296 1706 Θ
321 1691 411 1716 corr.
430 1692 497 1715 aus
522 1679 673 1730 quedam
701 1680 736 1716 Ο.
768 1701 810 1706 -
848 1681 862 1706 f
896 1680 966 1716 sibi
1003 1681 1094 1716 Bon.
1124 1701 1167 1706 —
1205 1689 1223 1713 g
1260 1680 1312 1714 ibi
1341 1680 1380 1715 T.
1408 1700 1451 1705 —
1476 1680 1494 1706 h
1519 1690 1593 1715 san.

40 1750 94 1784 op.
120 1739 187 1774 Br.
215 1759 258 1763 -—
283 1739 292 1765 i
317 1739 439 1774 Astini
464 1740 507 1781 J3
533 1740 680 1775 Afenidi
705 1741 781 1784 Br‚-
806 1740 951 1775 Assindi
975 1753 1010 1776 u.
1038 1752 1071 1775 a.
1097 1740 1144 1776 R.
1177 1738 1346 1775 Essindia
1375 1739 1423 1781 T;
1449 1739 1595 1774 Astradi

47 1798 81 1833 U
86 1811 98 1842 ;
123 1797 250 1833 Asnidi
276 1799 373 1840 Bam
399 1798 563 1834 Assindie
591 1799 689 1835 Oine.
710 1819 752 1825 ——
778 1800 797 1826 k
821 1800 897 1835 dies
920 1796 999 1846 εαρ.
1027 1801 1054 1844 f.
1080 1800 1111 1835 J
1116 1813 1128 1843 ,·
1147 1810 1174 1835 c.
1192 1800 1248 1835 29.
1267 1799 1334 1834 Br.
1354 1799 1478 1841 Pertz3
1497 1810 1525 1835 c.
1551 1802 1596 1833 21

39 1858 95 1899 Α;
122 1858 361 1892 item—caeca
386 1858 431 1892 F.
461 1878 505 1883 —
530 1858 540 1884 1
565 1858 646 1894 Juv.
674 1870 731 1904 qu.
751 1859 796 1893 A.
820 1879 860 1884 —
886 1868 913 1885 ¹1¹
938 1860 1067 1895 Ballan
1097 1859 1137 1895 T.
1170 1859 1220 1903 U;
1245 1859 1395 1894 Ballova
1413 1859 1487 1900 Br3
1515 1858 1594 1893 Bel-

40 1916 182 1962 laheym
210 1916 322 1960 Cive,-
349 1917 526 1952 de-—haec
551 1919 577 1962 f.
604 1919 650 1954 A.
680 1939 723 1943 —
762 1927 779 1944 Β
818 1918 896 1954 obd.
935 1919 1108 1964 pupillam
1145 1919 1192 1953 A.
1233 1938 1276 1943 ——
1313 1925 1328 1944 0
1366 1929 1455 1954 corr.
1486 1917 1523 1953 T.
1552 1938 1595 1943 -

41 1984 57 2008 1³
83 1987 213 2011 annum
238 1977 285 2011 A.
304 1997 348 2002 —
374 1986 391 2010 (1
416 1977 573 2022 perdidit
598 1990 688 2013 corr.
729 1978 767 2013 T.
809 1999 850 2004 —
888 1986 902 2005 ²·
925 1980 968 2013 ut
994 1978 1026 2013 d.
1053 1979 1080 2022 f.
1107 1979 1160 2020 A;
1187 1980 1228 2013 ut
1266 1977 1298 2013 (1.
1338 1977 1383 2013 ad
1420 1989 1453 2013 n.
1484 1978 1523 2013 T.
1552 1998 1594 2003 -ν-

41 2044 54 2061 S
79 2035 265 2070 humiliter
289 2036 336 2071 A.
365 2057 407 2061 —-
447 2038 458 2062 t
484 2039 509 2072 t.
536 2039 578 2073 ut
602 2038 628 2081 f.
655 2038 702 2073 A.
730 2058 774 2062 —
811 2045 829 2064 11
855 2042 942 2074 statt
976 2037 1294 2073 acl—advenisset:
1328 2036 1374 2076 ad
1399 2037 1595 2073 cantandas

41 2095 241 2130 matutinas
264 2095 492 2133 traherentur
517 2097 563 2132 A.
591 2116 633 2121 —
670 2105 686 2123 v
710 2096 756 2132 ad
781 2097 846 2132 Br.
874 2117 917 2121 ——
956 2105 980 2123 W
1004 2108 1035 2132 a.
1062 2098 1134 2133 ian.
1159 2097 1187 2142 f.
1214 2097 1260 2132 A.

187 2216 222 2261 1)
247 2215 369 2251 Essen.
396 2215 464 2249 Die
489 2215 556 2250 wol
582 2214 646 2250 auf
667 2215 798 2258 echter,
824 2215 908 2251 aber
935 2216 1033 2251 stark
1060 2215 1341 2251 iiberarbeiteter
1358 2215 1514 2261 Vorlage
1538 2215 1596 2250 be-

41 2274 198 2310 ruhende
225 2273 571 2318 Stiftungsurkunde
597 2274 657 2309 des
682 2275 844 2310 Klosters
870 2276 911 2320 (s.
937 2275 1139 2311 Diimmler:
1174 2274 1460 2311 Ostfrankisches
1484 2275 1596 2310 Reich

41 2334 69 2369 I.
98 2334 167 2369 807
193 2333 234 2368 A.
262 2334 321 2379 28)
347 2334 397 2368 ist
422 2332 537 2368 datirt
562 2345 629 2369 von
657 2335 724 2369 877
743 2335 781 2380 (!)
809 2335 906 2380 Sept.
932 2335 976 2370 27
996 2335 1050 2379 (zu
1076 2335 1145 2370 874
1162 2334 1372 2379 Lac.1.69;
1397 2334 1480 2369 Erh.
1506 2335 1594 2379 Reg.

41 2394 148 2438 447);
174 2393 258 2428 aber
284 2392 341 2428 die
366 2392 532 2434 Stiftung
558 2393 608 2428 ist
633 2393 717 2428 weit
743 2394 846 2435 alter,
872 2395 962 2429 nach
988 2393 1049 2429 der
1074 2393 1243 2429 Urkunde
1269 2393 1374 2429 Ottos
1392 2394 1419 2429 Ι.
1441 2405 1507 2430 von
1526 2394 1593 2429 947

42 2452 122 2487 Jan.
152 2453 194 2487 15
219 2451 394 2496 (Stumpfz
420 2452 691 2487 Reichskanzler
716 2453 804 2498 Reg.
842 2454 924 2499 141)
950 2453 1122 2488 zwisehen
1144 2454 1213 2489 858
1230 2453 1301 2488 und
1319 2454 1388 2488 863
1405 2465 1446 2488 zu
1464 2455 1594 2495 setzen,

42 2511 108 2545 wie
133 2510 347 2545 Miillenhoff
375 2510 447 2545 und
483 2511 645 2546 Seherer:
682 2512 897 2547 Denkmiiler
934 2512 1120 2547 deutscher
1156 2512 1280 2547 Poesie
1316 2511 1389 2547 und
1425 2512 1534 2547 Prosa
1559 2512 1593 2548 S.

42 2570 113 2604 483
139 2570 371 2604 nachweisen.
422 2570 463 2604 In
492 2569 569 2605 dem
609 2582 676 2605 von
702 2571 927 2606 Lacomblet:
965 2571 1096 2606 Archiv
1133 2570 1190 2606 fiir
1216 2570 1272 2606 die
1299 2570 1509 2607 Geschichte
1535 2571 1596 2609 des

42 2627 316 2664 Niederrheines
341 2628 402 2663 VI.
429 2630 473 2664 69
498 2629 533 2664 ff.
560 2630 879 2680 veroffentliehtem
917 2641 976 2665 um
1014 2629 1077 2665 das
1102 2630 1190 2665 Jahr
1214 2631 1284 2666 870
1320 2631 1594 2676 geschriebenen

43 2697 182 2722 essener
206 2687 626 2731 Namensverzeichnisse,
653 2688 714 2724 das
739 2701 802 2725 aus
827 2690 905 2725 dem
943 2690 1042 2724 alten
1078 2700 1217 2725 essener
1253 2690 1397 2726 Missale
1434 2693 1594 2733 stammt,

45 2746 133 2781 wird
159 2746 193 2781 S.
221 2747 265 2781 69
291 2747 369 2782 eine
395 2746 592 2793 Amulborg
617 2751 789 2793 genannt,
827 2749 953 2785 ebenso
985 2749 1019 2784 S.
1047 2750 1091 2785 70
1127 2751 1234 2784 unter
1269 2748 1337 2784 den
1373 2751 1516 2785 nomina
1542 2751 1594 2785 vi-

46 2815 165 2840 vorum
192 2805 349 2840 zweimal
374 2806 452 2841 eine
490 2806 685 2853 Amulberg
722 2808 794 2844 und
832 2808 866 2844 S.
896 2809 937 2844 71
966 2807 989 2844 f.
1019 2808 1167 2843 viermal
1205 2810 1308 2844 unter
1345 2807 1412 2844 den
1450 2810 1594 2845 nomina

45 2863 300 2899 defunctorum.

186 2924 221 2968 2)
248 2923 325 2958 Wol
352 2925 616 2961 unzweifelhaft
642 2926 751 2963 Balve
777 2927 947 2963 zwischen
974 2926 1155 2971 Arnsberg
1180 2927 1251 2963 und
1278 2927 1450 2963 Iserlohn.
