1801 3213
438 166 536 208 Vita
568 167 718 221 rythm.
752 179 783 209 s.
807 166 1001 222 Liudgeri
1032 166 1101 210 let.
1134 166 1186 208 II.

88 284 188 326 735.
251 284 387 326 Donec
418 283 599 337 peniteat
630 284 694 326 vel
727 284 868 326 doctus
898 283 1127 338 intellegat,

317 354 474 396 nullum
509 355 557 395 de
589 367 630 396 re
662 355 738 396 tali
770 354 827 397 sic
860 355 1004 396 debere
1036 355 1127 396 fari.

248 424 479 468 Conclavim
511 425 643 479 igitur
674 425 827 467 intrare
859 425 1127 478 compellitur,

316 496 421 539 clavi
453 496 570 538 huius
602 496 680 538 loci
712 496 808 537 data
841 496 1053 538 sacerdoti.

247 566 325 620 Qui
355 568 452 609 tunc
485 566 690 616 debuerat,
722 567 769 607 ut
800 566 880 607 fuit
911 566 1141 617 necessitas,

83 638 183 680 740.
320 638 369 679 de
400 638 474 680 hac
507 636 606 679 villa
642 637 699 678 ire
732 637 872 678 statim
904 636 992 690 ipsa
1024 637 1101 687 die,

244 708 298 750 Et
328 708 470 751 statim
500 708 603 749 abiit
633 707 925 761 Halatramque
943 709 958 732 1
989 707 1091 749 adiit

316 779 594 832 transiensque
626 778 775 820 flumen
807 778 994 832 Lippiam
1026 791 1096 832 per
1127 779 1289 832 pontem

247 848 426 901 Clavem,
459 862 578 904 quam
610 850 774 900 tulerat,
812 850 854 890 in
886 849 1036 891 flumen
1070 849 1281 902 deiecerat,

316 922 456 974 sponte
488 922 558 963 aut
591 934 668 963 non
701 922 841 974 sponte
874 933 968 962 casu
999 921 1221 963 accidente.

84 991 183 1033 745.
245 991 300 1033 Et
331 992 388 1034 sic
420 992 629 1046 perficiens
662 992 739 1033 iter
770 992 810 1034 et
842 991 1048 1033 reveniens

314 1075 384 1116 per
417 1063 583 1104 eandem
616 1063 725 1104 viam
757 1061 809 1104 ad
845 1061 1071 1115 predictam
1102 1062 1243 1104 villam

246 1133 395 1176 Statim
428 1133 625 1183 audierat,
659 1133 762 1186 quod
794 1145 910 1175 cocus
942 1132 1149 1183 retulerat,

315 1217 356 1247 se
388 1205 430 1246 in
462 1205 634 1258 quodam
665 1204 773 1257 pisce
810 1204 965 1246 clavem
997 1204 1210 1246 invenisse.

244 1274 388 1328 Quam,
422 1277 467 1317 ut
498 1289 586 1317 mox
619 1275 803 1326 iusserat,
837 1287 953 1317 cocus
985 1288 1074 1317 mox
1105 1276 1347 1329 porrexerat,

81 1346 179 1389 750.
317 1348 356 1388 et
389 1347 483 1388 dum
518 1346 782 1400 cognovisset,
817 1346 956 1387 eadem
988 1346 1091 1400 quod
1126 1348 1241 1398 esset,

242 1417 335 1460 Mox
366 1417 633 1467 intellexerat,
667 1418 770 1471 quod
802 1418 911 1459 Deus
942 1419 1170 1471 respexerat

313 1501 354 1530 se
386 1489 702 1530 intercedentem
734 1489 865 1531 virum
897 1488 1158 1542 penitentem,

243 1559 296 1600 Et
326 1572 415 1601 mox
448 1559 606 1612 aperuit
638 1559 859 1601 claustrum
891 1560 1013 1612 atque
1044 1559 1213 1609 monuit,

312 1643 535 1682 numquam
567 1630 615 1672 de
648 1643 690 1671 re
721 1630 797 1671 tali
828 1630 1002 1684 amplius
1035 1631 1092 1671 sic
1125 1630 1215 1681 fari,

81 1700 178 1742 755.
242 1700 320 1743 Sed
352 1702 586 1744 benedicere
619 1703 729 1744 omni
761 1695 891 1744 Deum
925 1707 1028 1753 aere,

314 1772 426 1826 cuius
457 1773 509 1814 ad
541 1774 730 1827 precepta
767 1772 900 1815 omnia
934 1773 1015 1815 sint
1047 1773 1169 1815 facta.

150 1842 204 1876 17.
243 1840 271 1876 Ο
298 1841 515 1876 ineffabilem
541 1843 666 1884 virum,
693 1853 712 1876 0
738 1842 950 1883 mirabilem,
983 1853 995 1860 ·

312 1911 331 1935 0
357 1912 418 1945 per
443 1901 590 1936 Jhesmn
616 1901 797 1937 Christum
824 1901 1053 1935 excellentem
1080 1901 1236 1935 iustum!

242 1958 270 1994 Ο
297 1960 334 1994 in
361 1971 428 2004 quo
455 1961 598 2005 singula
624 1971 693 1995 uno
720 1962 803 1995 sunt
830 1961 989 2004 insignia

79 2008 178 2050 760·
311 2019 471 2064 pluribus
498 2019 613 2054 divisa
638 2020 765 2054 Pauli
792 2030 874 2054 voce
898 2019 980 2053 diva
994 2019 1017 2059 ²,

241 2078 314 2113 Hec
340 2081 376 2113 et
401 2079 475 2121 hec,
502 2079 559 2114 his
586 2082 622 2114 et
648 2080 704 2114 his
730 2090 796 2124 que
821 2079 954 2113 Paulus
983 2078 1181 2119 distribuit,

313 2138 376 2172 hec
402 2140 560 2183 suscepit
585 2139 679 2173 solus
705 2139 775 2173 iste
803 2139 992 2173 virtuosus.

240 2197 332 2233 Nam
358 2199 630 2243 sapienciam
659 2199 715 2233 vel
740 2199 1030 2242 intellegenciam

312 2257 484 2292 habuit
510 2258 684 2302 imprimis
709 2257 813 2292 rebus
839 2258 877 2291 in
903 2256 1046 2297 divinis,

81 2304 178 2347 765.
241 2315 341 2350 Unde
368 2317 616 2357 scienciam,
644 2328 704 2361 per
731 2327 848 2361 quani
875 2316 1118 2359 ignorantiam

311 2375 428 2416 stulti,
455 2377 515 2421 qui
542 2376 685 2417 erravit,
712 2374 834 2409 mundi
860 2373 1120 2415 emmendavit3

1506 166 1590 210 195

172 2510 251 2545 735.
278 2510 466 2554 intelligat
491 2511 584 2546 Bon.
612 2531 655 2536 —-
683 2511 762 2546 737.
789 2522 878 2546 corr.
905 2511 970 2545 wie
996 2522 1031 2545 es
1059 2511 1204 2551 seheiut,
1231 2520 1298 2544 aus
1316 2509 1521 2544 conclauum
1542 2509 1582 2544 T.

36 2587 75 2593 —
102 2568 168 2603 749
182 2568 206 2603 f.
234 2568 432 2611 Quam—et
457 2571 522 2605 wie
547 2571 580 2604 I.
606 2573 700 2604 1338
721 2570 760 2604 Τ.
789 2589 830 2593 -
860 2570 937 2604 755.
966 2569 1189 2603 omni—aere
1215 2569 1280 2603 wie
1305 2568 1338 2603 I.
1356 2571 1449 2603 133&
1478 2568 1516 2602 T.
1538 2588 1581 2592 —

30 2625 110 2661 756.
137 2629 220 2661 sunt
246 2628 338 2663 Boll.
367 2649 411 2653 —-
439 2628 516 2662 757.
543 2628 814 2663 Commendatio
841 2640 873 2663 α.
901 2628 946 2662 R.
976 2627 1014 2662 T.
1043 2646 1085 2651 -—
1125 2628 1203 2662 7131.
1238 2627 1356 2661 onmia
1382 2628 1582 2672 graciarum

29 2683 121 2719 dona
146 2684 254 2720 fuisse
280 2687 317 2721 in
343 2686 521 2731 Liudgero
548 2699 581 2722 a.
607 2687 653 2722 R.
683 2688 722 2722 T.
750 2706 793 2711 —-
827 2687 904 2722 766.
932 2686 1064 2721 errauit
1092 2697 1180 2721 corr.
1211 2685 1250 2720 T.

173 2851 207 2895 1)
233 2851 396 2887 Haltern.
425 2871 468 2876 —
494 2853 529 2895 2)
558 2853 587 2887 1.
615 2850 692 2887 Cor.
722 2852 775 2892 1⁵2,
802 2851 927 2885 smil.

1251 2927 1338 2969 13*
