1864 3213
483 136 581 177 Vita
611 136 689 178 III.
724 148 755 178 s.
786 135 983 190 Liudgeri
1014 135 1085 177 lib.
1119 135 1172 177 11.
1526 135 1608 177 133

52 253 351 297 sustentatione
382 266 567 308 gressum
602 253 777 295 debilem
808 253 1046 303 fulciebata‚
1089 252 1345 306 quoadusque
1376 252 1523 294 lterum
1557 252 1610 294 ad

53 325 320 367 memoratum
352 324 514 366 locumb
561 325 726 366 veniens
772 323 920 377 pedum
967 323 1144 377 perfecte
1190 323 1349 365 officioc
1387 323 1610 365 mereretur

51 396 173 450 atque
205 395 291 437 sine
324 395 557 436 baculorum
591 394 768 436 subsidio
803 394 965 435 domum
998 394 1235 436 remearetd.

194 467 265 508 37.
313 465 375 507 De
406 465 563 507 infante
607 465 896 506 miserabiliter
939 464 1157 506 cruciatoe.
1211 464 1386 517 Quidam
1428 465 1476 507 de
1508 464 1609 507 villa

48 537 269 580 Furelmi1
315 536 583 578 Vulfbertusf
627 535 757 577 filium
804 536 949 577 habuit
994 536 1154 578 nomine
1200 536 1493 591 Amulgerum,
1541 535 1611 589 qui

51 609 255 663 quinqueg
300 607 391 661 post
436 607 699 649 nativitatem
745 619 859 648 suam
914 607 1114 648 mensium
1161 607 1294 660 spacio
1341 606 1610 661 gravissimoh

50 679 164 721 iuxta
194 678 384 720 tantillae
417 677 564 719 aetatis
610 677 818 719 modulum
862 677 1078 732 languorei
1123 678 1403 732 pregravatus,
1453 677 1610 719 cunctis

51 763 93 798 se
125 749 399 792 miserabilem
433 749 638 802 prebebat.
691 748 782 789 Non
815 747 943 789 solum
977 748 1122 802 quippe
1153 748 1424 802 aegritudinis
1455 747 1608 790 violen-

48 821 109 863 tia
142 820 305 867 flebilis,
339 820 408 862 sed
446 821 485 862 et
518 819 661 874 digitis
693 819 735 860 in
757 819 890 861 volam
912 818 1098 872 implexis
1131 820 1171 861 et
1201 819 1371 873 pedibus
1402 818 1610 861 incurvisk

49 891 342 934 miserabiliter
382 893 471 933 erat
516 891 768 941 contractus,
815 890 1019 943 quodque1
1065 890 1339 932 miserrimum
1380 890 1606 940 videbatur,

49 964 177 1006 visum
207 975 361 1017 quoque
392 962 598 1004 oculorum
632 961 807 1003 carebat.
858 961 968 1013 Quae
1000 962 1138 1003 tamen
1176 961 1218 1002 in
1249 961 1414 1002 tantillo
1446 973 1610 1014 corpus-

48 1034 140 1076 culo
171 1046 299 1087 paena
329 1046 407 1075 non
439 1034 551 1074 tamn
592 1032 854 1083 infantulum,
893 1033 963 1086 qui
1005 1033 1251 1086 paciebatur,
1286 1045 1405 1085 quam
1437 1033 1609 1085 paterna

48 1105 202 1147 viscera
232 1105 458 1158 torquebat.
492 1104 667 1146 Proinde
699 1104 829 1146 sciens
861 1104 911 1145 ab
944 1116 988 1145 eo
1020 1104 1244 1146 remedium
1277 1103 1354 1145 sibi
1378 1104 1606 1154 venturum,

47 1176 164 1218 cuius
201 1175 352 1218 iudicio
399 1175 494 1217 talis
527 1175 691 1217 effectus
725 1176 798 1225 est,
830 1187 901 1228 per
933 1175 1079 1217 merita
1112 1175 1243 1217 sancti
1273 1174 1471 1228 Liudgeri
1503 1175 1608 1217 divi-

47 1259 147 1288 num
179 1247 292 1300 pater
323 1247 518 1288 auxilium
552 1248 767 1301 implorare
815 1248 1031 1289 intendito.
1085 1247 1267 1300 Denique
1305 1246 1383 1288 fide
1417 1248 1457 1288 et
1489 1246 1608 1289 devo-

45 1318 169 1367 tione,
220 1330 298 1371 qua
328 1318 515 1371 paternos
548 1318 717 1360 affectus
749 1318 930 1369 decebat,
964 1318 1015 1361 ad
1049 1318 1134 1360 eius
1172 1331 1262 1360 eum
1294 1318 1532 1359 memoriam
1565 1330 1607 1360 se

46 1389 271 1430 allaturum
306 1389 480 1432 devovit.
529 1389 614 1441 Quo
647 1389 755 1431 facto
801 1390 1001 1443 paulatim
1047 1389 1182 1430 infans
1215 1389 1419 1431 meliorari
1452 1389 1492 1430 et
1522 1388 1607 1442 pri-

48 1460 180 1502 stinae
211 1460 390 1510 sanitati,
424 1460 557 1503 dolore
590 1461 780 1512 ablator,
822 1462 983 1503 restitui
1016 1461 1160 1514 caepit.
1192 1460 1308 1501 Unde
1340 1461 1454 1513 pater
1485 1460 1606 1502 indu-

48 1530 223 1572 bitatam
255 1531 336 1571 iam
371 1530 418 1572 de
451 1531 613 1585 integra
647 1532 731 1573 eius
763 1532 986 1574 salvatione
1019 1544 1130 1585 spem
1153 1531 1391 1584 concipiens,
1426 1531 1510 1572 voti
1542 1530 1605 1572 sui

47 1602 299 1654 sponsionem
334 1614 423 1643 cum
457 1602 566 1643 omni
597 1601 854 1644 festinatione
902 1602 1123 1655 adimplere
1157 1602 1326 1653 curavit,
1375 1601 1511 1655 itaque
1542 1601 1605 1642 in-

46 1673 208 1714 fantulo
239 1685 373 1714 secum
406 1673 644 1726 assumptoq
674 1673 727 1714 ad
759 1673 1125 1715 Werdhinensemr
1155 1673 1392 1715 aecclesiam
1414 1673 1605 1716 tetendit.

48 1743 135 1796 Quo
167 1757 259 1785 cum
291 1744 555 1797 pervenisset,
590 1744 639 1786 de
671 1745 753 1785 iam
785 1744 1068 1806 collatossssibi
1099 1743 1292 1786 beneficio
1314 1745 1469 1798 gratias
1503 1744 1603 1799 egit,

48 1814 97 1856 de
130 1809 368 1856 conferendo
401 1814 567 1868 supplex
608 1814 751 1857 oravit.
804 1815 890 1857 Nec
923 1828 991 1868 spe
1023 1827 1095 1856 sua
1127 1816 1188 1857 est
1220 1815 1451 1866 frustratus,
1484 1828 1603 1868 quam

47 1885 97 1927 de
131 1885 270 1927 divina
301 1885 454 1939 pietate
487 1887 526 1927 et
558 1886 716 1927 meritis
757 1886 888 1928 sancti
933 1886 1153 1940 Liudgerit
1186 1886 1400 1940 concoepit,
1435 1899 1528 1928 nam
1560 1886 1605 1927 in

43 1957 181 2010 cripta
215 1969 308 1998 cum
338 1956 504 2010 puerulo
550 1958 785 2010 pernoctare
825 1958 1044 2011 permissus
1082 1957 1320 1999 incolomem
1368 1958 1602 2012 reportavit,

45 2040 165 2081 quem
198 2028 451 2070 contractum
483 2028 665 2071 adduxit.

189 2188 205 2205 a
231 2179 461 2214 sustentabat
486 2181 551 2215 Br.
586 2199 629 2205 ——
664 2181 680 2206 b
715 2192 894 2226 quousque
920 2181 966 2216 ad
990 2192 1092 2217 mem.
1121 2182 1234 2216 locum
1261 2182 1303 2217 it.
1333 2182 1365 2216 T
1372 2196 1384 2225 ,·
1408 2182 1472 2216 loc.
1497 2192 1601 2217 mem.

43 2238 92 2272 F.
110 2238 176 2273 Br,
197 2259 240 2263 —
266 2246 280 2265 0
298 2238 452 2273 officium
481 2239 521 2273 T.
547 2240 613 2274 Br.
642 2240 688 2274 F.
715 2260 759 2265 —
785 2241 802 2266 d
830 2240 869 2274 T.
903 2241 938 2276 U
957 2242 1119 2276 schieben
1143 2243 1221 2276 hier
1238 2242 1294 2276 die
1320 2241 1397 2277 drea·
1420 2242 1462 2275 in
1489 2240 1517 2275 C
1539 2241 1602 2285 fol.

46 2297 245 2332 69b-72a
271 2298 523 2344 anyehdngyten
546 2298 955 2345 qundererzc'ihlzmyen
981 2301 1060 2335 ein:
1098 2300 1184 2336 Cum
1211 2300 1349 2335 nullum
1376 2301 1426 2334 sit
1450 2302 1601 2345 tempus.

46 2355 156 2392 Cuius
181 2355 328 2391 necdum
367 2357 616 2392 celebratione.
667 2357 772 2392 Omni
802 2360 987 2393 tonantem
1015 2361 1058 2401 (s.
1085 2360 1273 2406 Anhanq).
1301 2379 1344 2384 —-—
1371 2367 1384 2385 e
1410 2371 1437 2395 c.
1464 2362 1511 2394 35
1535 2360 1600 2394 Br.

45 2416 172 2459 Pert2,·
197 2416 264 2451 das
289 2428 368 2462 cap.
394 2417 421 2460 f.
440 2417 499 2460 A;
524 2417 781 2452 De-—cruciato
798 2418 844 2452 F.
865 2438 908 2443 —
934 2418 948 2443 f
969 2418 1225 2454 Vulverbertus
1245 2419 1285 2454 Τ.
1310 2419 1353 2454 U.
1372 2438 1415 2443 —-
1433 2427 1450 2452 g
1476 2419 1602 2464 quinto

45 2474 111 2509 Br.
139 2475 257 2509 Perta.
285 2495 328 2500 —
365 2475 385 2501 h
408 2476 619 2519 gravissime
647 2476 685 2511 T.
715 2495 759 2501 —
796 2477 805 2502 i
830 2476 1009 2521 langwore
1038 2477 1076 2512 T.
1114 2497 1157 2503 —
1195 2478 1213 2504 k
1237 2489 1325 2513 corr.
1355 2478 1391 2513 C.
1426 2498 1469 2502 —
1504 2478 1515 2503 ¹
1541 2477 1602 2512 sed

46 2533 139 2578 quod
164 2533 256 2568 Bon.
290 2554 334 2559 --
359 2542 386 2559 111
410 2545 476 2569 usu
502 2535 569 2569 Br.
598 2555 640 2559 -—
678 2543 695 2560 1¹
723 2547 756 2570 α.
782 2535 829 2570 R.
859 2536 898 2570 T.
927 2555 971 2560 —-
1009 2544 1024 2562 0
1059 2547 1150 2573 corr.
1188 2539 1254 2572 wie
1290 2548 1326 2573 es
1362 2538 1507 2580 seheint,
1533 2547 1603 2572 aus

41 2592 231 2628 contendit
258 2593 295 2628 C.
324 2614 366 2618 -
392 2602 409 2626 P
435 2593 503 2628 dol.
531 2594 601 2629 abl.
627 2595 654 2638 f.
684 2595 723 2629 T.
754 2615 796 2619 —
823 2604 839 2628 q
865 2598 1005 2640 sumpto
1033 2596 1073 2631 T.
1101 2616 1145 2621 —
1179 2604 1192 2623 r
1225 2597 1498 2632 werthinensem
1524 2596 1602 2639 Er,-

44 2651 303 2687 werdenensem
331 2653 372 2687 T.
398 2672 441 2676 —
468 2661 481 2680 S
507 2653 585 2688 coll.
613 2654 684 2688 iam
710 2654 777 2689 Br.
805 2664 848 2679 ·—
873 2656 885 2680 t
910 2654 1050 2699 Ludgh.
1080 2655 1118 2690 T.

188 2876 222 2920 1)
248 2875 416 2912 Vorhelm
441 2875 501 2911 bei
528 2876 780 2920 Sendenhorst,
807 2877 1006 2914 siidbstlich
1033 2889 1100 2913 von
1125 2878 1300 2914 Minister.
