1864 3213
424 170 520 213 Vita
562 170 710 226 rythm.
749 183 780 213 s.
814 168 1007 225 Liudgeri
1038 168 1106 213 let.
1139 167 1170 211 I.
1489 165 1572 209 153

230 288 285 325 Ad
311 289 444 325 locum
472 288 563 323 itum
588 290 653 330 est,
680 288 902 333 sepulchrum
929 287 1149 332 quesitum
1176 287 1241 328 est,
1276 280 1288 292 ⁵

302 350 339 384 et
365 348 395 383 si
420 358 503 383 non
530 348 635 382 inve
652 350 773 389 ntum,
799 347 902 392 ponit
926 348 1079 381 tamen
1106 346 1290 390 templum,

230 407 330 451 Quod
356 407 391 442 in
418 406 628 452 parietes
654 406 737 441 dum
774 407 845 441 iam
870 417 974 451 prope
1000 407 1172 449 surgeret,

302 466 479 510 Liudgero
506 466 778 500 Liefwinus
811 466 933 500 estin
960 465 1132 500 somnis
1158 464 1263 499 visus.

72 516 168 558 6Ῑῦ-
234 526 506 570 ,Liudgere‘,
533 524 700 566 dixerat,
736 525 878 567 ,multas
903 524 993 559 habe
1019 524 1167 568 gratias,

303 585 385 631 quia
413 584 627 630 templum
653 584 742 619 Dei
768 586 808 619 tu
834 583 992 618 recondis
1018 583 1069 624 ei3

234 644 374 680 Meum
401 644 699 689 corpusculum
733 643 943 677 invenies
969 642 1148 676 conditum

306 703 386 739 sub
412 703 619 738 australi
647 704 748 748 parte
775 702 901 747 templi
927 701 1012 736 facti
1039 712 1100 746 per
1127 702 1184 736 te‘.

46 808 47 811 Ἴ
233 763 345 799 Liud
356 774 404 807 ge
415 774 485 798 rus
512 762 670 807 vigilans
703 764 739 797 et
765 762 878 796 visum
904 771 1151 803 rememorans,

72 812 170 853 620·
304 823 418 857 visum
445 833 520 857 esse
547 833 666 856 verum
692 823 794 866 optat
819 823 903 856 ante
929 821 1053 861 Deum,

234 881 290 917 Et
316 882 437 917 lecta
462 881 596 916 concite
622 891 753 924 magna
781 878 1120 920 multitudine,

304 952 405 986 super
429 952 507 975 mox
525 941 709 975 inventum
735 939 850 984 ipsum
876 938 1084 973 transfert
1109 937 1293 983 templum,

235 1000 285 1035 Ut
310 1011 379 1035 non
405 1000 561 1035 exterius
586 1001 689 1040 esset,
714 998 774 1033 sed
800 998 960 1040 interius,

304 1059 334 1094 si
360 1061 401 1094 ut
426 1059 497 1094 fuit
522 1060 619 1105 prius
645 1059 799 1104 optimus
824 1057 1028 1093 Liefwinus.

74 1107 169 1149 625-
230 1118 350 1163 Igitur
375 1118 518 1153 condita
543 1118 708 1154 Liefwini
734 1117 952 1153 aecclesia

305 1178 437 1213 auxilio
461 1178 529 1213 Dei
555 1177 740 1213 dedicatur
767 1178 810 1219 ei,

235 1238 358 1280 Quam,
384 1237 457 1272 Deo
483 1238 631 1282 gratias,
658 1239 737 1282 post
770 1238 835 1272 hae
860 1248 929 1272 non
955 1236 1178 1272 destruxerat

305 1296 398 1331 ullus
422 1296 624 1331 insanorum
652 1296 747 1331 furor
772 1307 1000 1341 paganorum,

237 1357 366 1409 Quam
398 1356 507 1398 omni
538 1356 716 1410 tempore
748 1357 974 1398 servantem
1007 1369 1048 1398 se
1080 1368 1240 1410 corpore

76 1428 174 1470 630.
311 1427 532 1470 Liefwinus
564 1428 607 1469 in
639 1428 723 1470 celo
765 1429 897 1470 servet
929 1440 1060 1469 eoram
1092 1427 1203 1468 Deo!

238 1497 295 1533 lbi
322 1509 426 1543 quam
453 1497 614 1543 plurimis
641 1498 855 1533 virtutum
883 1497 1074 1539 miraculis,

307 1559 399 1592 esset
425 1557 526 1591 homo
553 1557 678 1602 qualis,
708 1557 803 1592 Deus
829 1556 1035 1592 declaravit.

145 1618 199 1652 13.
235 1616 353 1651 Post
379 1616 473 1657 hec,
501 1627 590 1662 quae
616 1615 779 1658 diximus,
816 1617 947 1652 iterum
973 1616 1154 1661 episcopus

308 1676 506 1721 inspirante
533 1675 605 1710 Deo
631 1675 769 1710 dixerat
792 1675 988 1720 Liudgeroz

77 1725 175 1767 635.
238 1735 355 1777 ,Nosti
380 1735 566 1771 karissime
592 1735 713 1770 idola
738 1735 997 1774 Fresoniao„

309 1805 375 1840 que
399 1794 559 1830 fecerunt
583 1795 663 1837 sibi,
689 1795 802 1830 adhue
828 1806 901 1830 esse
927 1794 990 1845 il3i,

239 1853 276 1889 Si
302 1853 365 1888 hec
391 1854 547 1896 eieceris,
574 1856 667 1889 certe
697 1854 921 1895 benefeceris,

308 1925 351 1948 ne
377 1913 498 1949 fideles
523 1913 659 1950 Christi
683 1914 800 1949 Belial
831 1915 907 1949 sint
932 1913 1046 1948 mixti.

241 1973 352 2016 Scias
385 1974 489 2028 quod
520 1974 689 2028 populus
721 1974 832 2016 rudis
864 1986 989 2028 nuper
1020 1972 1206 2015 credulus

80 2045 176 2088 640.
312 2045 432 2087 facile
463 2045 636 2095 aberrat,
679 2045 757 2087 nisi
790 2046 869 2087 ista
900 2045 1084 2098 spernat3

240 2113 337 2148 Vade
363 2116 404 2148 ut
430 2114 606 2149 suadeas
622 2116 631 2134 ¹
659 2115 744 2155 illis,
771 2116 877 2149 immo
896 2115 1015 2149 valeas

309 2172 354 2207 ad
380 2174 648 2209 exterminanda
674 2174 770 2209 idola
794 2175 970 2210 nefanda‘.

240 2232 438 2277 Liudgerus
463 2233 557 2268 abiit
583 2245 673 2268 cum
702 2234 873 2269 fratribus
899 2234 997 2269 aliis

311 2294 349 2326 et
373 2291 553 2347 deorum
582 2293 686 2328 fana
711 2293 823 2337 fregit
847 2293 903 2327 vel
928 2292 1086 2337 profana,

80 2339 177 2382 645-
240 2351 398 2386 Varias
424 2351 564 2396 insuper
590 2352 839 2396 confregerunt
863 2352 997 2397 pariter

313 2409 442 2445 formas
467 2410 691 2446 idolorum
719 2412 761 2447 in
793 2414 933 2456 gente
959 2411 1252 2453 Fresonum²3

242 2468 436 2504 Aurum³
462 2471 506 2505 in
534 2470 774 2506 delubris*
799 2472 1158 2517 argentumqueb,
1185 2471 1276 2517 quod
1302 2471 1384 2513 fuit,

309 2529 403 2572 regis
429 2529 473 2564 ad
499 2530 705 2565 mandatum
739 2530 811 2565 fuit
836 2531 1088 2576 mancipatum,

173 2660 252 2693 616.
280 2662 319 2694 tu
336 2680 343 2683 >
371 2660 403 2694 ei
429 2672 518 2695 corr.
548 2661 587 2695 T.

178 2860 211 2904 1)
237 2860 323 2895 Vita
347 2860 395 2895 11.
423 2871 449 2895 c.
465 2861 496 2895 8.
527 2881 568 2885 —-
595 2862 630 2907 2)
657 2862 743 2897 Vita
769 2862 797 2897 Ι.
825 2873 852 2897 c.
876 2864 928 2897 16.
958 2882 998 2886 -
1026 2863 1062 2907 3)
1089 2861 1176 2897 vita
1201 2863 1248 2897 11.
1275 2863 1296 2898 1.
1318 2874 1345 2898 c.
1375 2884 1416 2888 —
1441 2864 1478 2908 4)
1496 2862 1583 2897 Vita

36 2918 65 2953 I.
90 2919 114 2955 1.
140 2929 168 2954 c.
198 2939 238 2944 -—
266 2920 300 2964 5)
326 2919 413 2955 Vita
438 2921 486 2956 II.
519 2921 541 2956 l.
569 2932 597 2956 c.
