1801 3213
89 304 193 346 420.

92 598 194 640 425.

90 928 196 971 430.

91 1284 193 1326 435.

93 1639 197 1681 440.

94 1994 196 2036 445.

95 2290 196 2331 450.

426 125 524 168 Vita
554 126 704 181 rythm.
736 138 770 170 s.
799 124 996 181 Liudgeri
1025 124 1098 168 let.
1129 124 1204 166 111.

255 242 279 278 J
286 254 309 278 u
319 252 366 286 ga
391 244 618 277 excusserant
644 244 680 277 et
706 253 742 277 se
772 241 880 286 fugae
905 240 1089 282 dederant,

326 302 365 335 et
389 300 438 335 sic
463 300 571 334 stetit
596 300 718 334 Benno
744 310 821 334 cum
847 299 978 344 pudore
1003 309 1153 344 magno:

255 359 380 406 Neque
405 361 571 394 araverat
596 369 709 404 neque
739 358 943 398 feriaverat.

327 420 486 454 aratrum
512 417 664 459 iacebat,
691 417 797 452 boves
823 429 893 452 non
920 417 1089 458 habebat,

256 477 350 521 Quos
375 479 413 512 et
437 477 475 511 in
501 476 683 512 montibus
709 487 857 521 querens
884 479 920 511 et
946 477 983 511 in
1010 475 1165 511 vallibus

327 539 365 572 et
390 536 426 571 in
452 535 539 570 locis
564 535 690 570 multis
716 535 823 570 cultis
849 537 885 570 et
912 534 1069 576 incultis,

255 595 325 632 Sed
349 605 420 630 non
445 594 632 629 inveniens
662 593 831 640 aliudque
857 594 1026 635 nesciens,

326 653 434 689 boves
459 653 519 699 qui
545 653 680 694 amisit,
712 655 870 687 aratrum
898 652 1048 688 dimisit.

256 715 343 758 Nec
372 714 442 756 diu
473 714 612 766 postea
644 712 811 755 advenit
843 713 1059 763 dominica,

328 798 407 840 qua
438 785 485 826 ut
516 786 822 836 consueverunt,
854 784 1111 827 Werthinam
1143 785 1340 826 venerunt

256 857 396 899 Benno
426 857 468 898 et
497 856 569 897 alii
601 856 913 910 circumquaque
949 856 1107 907 rustici,

331 928 372 970 et
403 926 498 968 dum
532 927 819 978 consedissent,
853 927 948 969 dum
982 927 1140 981 loquuti
1172 927 1318 978 essent,

258 998 432 1041 Dicebat
464 997 612 1052 aliquis
644 998 732 1049 hoc,
764 999 860 1052 quid
893 999 972 1041 sibi
1003 998 1192 1053 contigit,

327 1068 484 1112 scilicet
514 1068 619 1122 quod
653 1070 758 1110 esset
789 1069 980 1120 fractum,
1013 1081 1088 1122 quo
1119 1069 1287 1120 arasset,

258 1140 346 1193 Qua
378 1140 442 1182 die
473 1140 569 1181 ierit
600 1152 714 1182 arare
746 1141 787 1181 et
817 1140 989 1195 fregerit

327 1211 632 1260 ferramentum,
666 1223 743 1265 qua
775 1224 818 1253 re
850 1212 1000 1254 sineret
1031 1224 1158 1254 arare.

257 1282 372 1336 Quod
403 1283 508 1324 esset
538 1282 681 1337 igitur,
716 1283 827 1325 iuxta
860 1283 1002 1325 sedens
1034 1282 1226 1337 loquitur,

328 1352 573 1407 prosperitas
607 1352 720 1394 nulla
752 1353 832 1395 sibi
863 1353 928 1395 die
960 1353 1047 1404 illa,

257 1424 366 1467 Nam
399 1423 493 1465 dum
526 1423 723 1477 inciperet
755 1424 899 1477 sulcos,
933 1424 1086 1467 ferrum
1117 1424 1290 1477 cederet,

329 1508 376 1538 ac
408 1495 443 1537 si
474 1495 635 1550 lignum
666 1495 747 1538 vile
779 1495 1032 1537 infirmatum
1063 1495 1178 1540 mire.

259 1567 425 1609 Tercius
457 1565 627 1607 audiens
650 1567 689 1607 et
721 1566 954 1608 mirandum
986 1566 1167 1609 senciens

331 1637 448 1688 dixit,
482 1649 523 1679 se
555 1637 732 1690 idipsum
766 1637 831 1679 die
862 1637 938 1679 hac
969 1649 1214 1691 perpessum.

258 1708 317 1751 Ut
349 1707 483 1750 dicam
514 1708 706 1758 breviter,
745 1708 867 1749 simul
899 1721 978 1749 una
1010 1708 1175 1761 pariter,

331 1780 524 1833 quotquot
554 1781 786 1829 araverunt,
819 1780 956 1821 aratra
987 1779 1212 1833 fregerunt,

260 1850 314 1892 Et
344 1849 426 1892 iam
458 1850 630 1892 confessi
662 1852 768 1900 sunt,
802 1850 948 1892 merito
986 1849 1090 1903 quod
1123 1849 1230 1903 passi
1262 1851 1356 1892 sunt

331 1920 374 1962 in
407 1919 473 1962 die
504 1921 701 1976 Liudgeri
732 1921 837 1963 hanc
868 1920 1091 1963 vindictam
1123 1921 1213 1964 Dei.

258 1991 380 2027 Benno
405 1990 567 2035 precipue
593 1990 846 2026 fratribus
871 1990 1068 2035 prostravit
1093 2001 1130 2026 se

330 2050 374 2086 ob
401 2051 641 2085 oraciones
665 2052 808 2095 propter
833 2061 912 2085 suos
937 2049 1055 2090 boves,

260 2110 329 2154 Qui
355 2109 439 2144 dum
464 2109 507 2144 de
533 2109 704 2144 fratribus
730 2120 790 2155 pro
816 2108 1085 2144 temeritatibus

331 2171 425 2204 esset
449 2171 557 2214 atque
583 2169 697 2203 multa
723 2169 903 2203 incusatus
929 2168 1042 2213 culpa,

260 2228 309 2264 Et
333 2228 417 2263 dum
442 2228 681 2273 promitteret,
708 2226 800 2273 quod
825 2227 903 2271 plus
933 2237 1126 2272 numquam
1152 2226 1283 2262 faceret

329 2286 495 2322 adversus
520 2286 751 2330 Liudgerum,
781 2286 989 2321 solabantur
1015 2296 1094 2321 eum

259 2346 433 2382 Juvantes
458 2344 632 2390 precibus,
659 2345 767 2380 donec
792 2346 870 2390 pius
896 2345 1068 2380 Dominus

330 2405 470 2440 meritis
495 2403 665 2449 Liudgeri
695 2404 909 2439 reddidisset
934 2405 966 2439 ei

261 2464 384 2506 Boves,
410 2466 447 2500 et
471 2463 627 2499 moribus
652 2466 746 2498 esset
769 2463 975 2498 melioribus

331 2524 519 2569 animoque
544 2522 635 2558 bono
661 2523 733 2557 iam
759 2533 944 2558 conversus
969 2522 1082 2557 homo.

1519 122 1605 165 213

190 2655 272 2690 419.
308 2665 401 2690 corr.
426 2665 495 2689 aus
519 2656 757 2695 excusserunt,
794 2654 878 2688 aber
911 2653 1085 2698 yesichert
1121 2652 1236 2688 durch
1260 2651 1330 2687 den
1355 2651 1483 2694 Rez'm5
1521 2650 1604 2695 fuge

48 2724 140 2750 corr.
162 2714 203 2748 T.
230 2731 274 2738 ——
297 2713 379 2749 422.
404 2713 511 2749 boves
536 2725 625 2749 corr.
648 2713 688 2748 T.
715 2731 758 2737 —
784 2713 865 2747 423.
892 2712 960 2746 clas
984 2715 1074 2746 erste
1099 2713 1136 2745 et
1161 2711 1247 2746 iiber
1276 2711 1314 2745 in
1339 2711 1604 2756 naclzyetrayen

53 2773 93 2808 T.
121 2792 162 2798 —-
190 2772 272 2808 438.
297 2774 362 2808 wie
386 2785 420 2809 v.
444 2776 507 2807 119
535 2772 574 2807 T.
601 2792 643 2796 ——-
670 2772 751 2807 442.
777 2773 898 2806 aratra
922 2781 1013 2806 corr.
1043 2770 1081 2804 T.
1103 2789 1145 2794 —
1171 2770 1252 2805 452.
1277 2780 1369 2805 corr.
1395 2781 1462 2804 aus
1488 2767 1604 2803 reddi-

50 2830 189 2868 dissent
216 2831 255 2867 T.
283 2851 327 2857 —
352 2831 433 2866 453.
459 2842 549 2867 corr.
577 2841 644 2866 aus
669 2832 788 2865 essent
818 2830 856 2865 T.
