<?xml version="1.0" encoding="UTF-8"?>
<!DOCTYPE html PUBLIC "-//W3C//DTD XHTML 1.0 Transitional//EN"
    "http://www.w3.org/TR/xhtml1/DTD/xhtml1-transitional.dtd">
<html xmlns="http://www.w3.org/1999/xhtml" xml:lang="en" lang="en">
 <head>
  <title>
</title>
<meta http-equiv="Content-Type" content="text/html;charset=utf-8" />
  <meta name='ocr-system' content='tesseract 3.04.00' />
  <meta name='ocr-capabilities' content='ocr_page ocr_carea ocr_par ocr_line ocrx_word'/>
</head>
<body>
  <div class='ocr_page' id='page_1' title='image "./dievitaesanctili00altfuoft_0285.png"; bbox 0 0 1864 3213; ppageno 0'>
   <div class='ocr_carea' id='block_1_1' title="bbox 418 162 1567 222">
    <p class='ocr_par' dir='ltr' id='par_1_1' title="bbox 418 162 1567 222">
     <span class='ocr_line' id='line_1_1' title="bbox 418 162 1567 222; baseline -0.003 -12"><span class='ocrx_word' id='word_1_1' title='bbox 418 164 516 210; x_wconf 79' lang='lat' dir='ltr'>Vita</span> <span class='ocrx_word' id='word_1_2' title='bbox 548 164 699 222; x_wconf 81' lang='lat' dir='ltr'>rythm.</span> <span class='ocrx_word' id='word_1_3' title='bbox 742 179 773 209; x_wconf 89' lang='lat' dir='ltr'>s.</span> <span class='ocrx_word' id='word_1_4' title='bbox 807 162 1000 221; x_wconf 86' lang='lat' dir='ltr'>Liudgeri</span> <span class='ocrx_word' id='word_1_5' title='bbox 1030 164 1100 208; x_wconf 79' lang='lat' dir='ltr'>let.</span> <span class='ocrx_word' id='word_1_6' title='bbox 1134 164 1165 207; x_wconf 92' lang='grc' dir='ltr'>Ι.</span> <span class='ocrx_word' id='word_1_7' title='bbox 1486 166 1567 207; x_wconf 78' lang='lat'>159</span> 
     </span>
    </p>
   </div>
   <div class='ocr_carea' id='block_1_2' title="bbox 68 283 1332 733">
    <p class='ocr_par' dir='ltr' id='par_1_2' title="bbox 68 283 1332 733">
     <span class='ocr_line' id='line_1_2' title="bbox 68 283 1100 331; baseline -0.003 -10"><span class='ocrx_word' id='word_1_8' title='bbox 68 288 164 331; x_wconf 75' lang='lat'>805,</span> <span class='ocrx_word' id='word_1_9' title='bbox 226 285 339 321; x_wconf 91' lang='lat' dir='ltr'>Novit</span> <span class='ocrx_word' id='word_1_10' title='bbox 362 283 681 319; x_wconf 82' lang='lat' dir='ltr'>Northmannicam</span> <span class='ocrx_word' id='word_1_11' title='bbox 711 283 945 319; x_wconf 77' lang='lat' dir='ltr'><strong>adventuram</strong></span> <span class='ocrx_word' id='word_1_12' title='bbox 970 283 1100 318; x_wconf 83' lang='lat' dir='ltr'>furiam</span> 
     </span>
     <span class='ocr_line' id='line_1_3' title="bbox 297 343 1028 389; baseline -0.001 -9"><span class='ocrx_word' id='word_1_13' title='bbox 297 344 343 380; x_wconf 89' lang='lat' dir='ltr'>ad</span> <span class='ocrx_word' id='word_1_14' title='bbox 367 343 604 389; x_wconf 84' lang='lat' dir='ltr'>perdicionem</span> <span class='ocrx_word' id='word_1_15' title='bbox 630 344 667 378; x_wconf 90' lang='lat' dir='ltr'>in</span> <span class='ocrx_word' id='word_1_16' title='bbox 693 344 784 378; x_wconf 84' lang='lat' dir='ltr'>hanc</span> <span class='ocrx_word' id='word_1_17' title='bbox 812 344 992 388; x_wconf 80' lang='lat' dir='ltr'>regionem</span> <span class='ocrx_word' id='word_1_18' title='bbox 1006 344 1028 379; x_wconf 84' lang='lat'>¹.</span> 
     </span>
     <span class='ocr_line' id='line_1_4' title="bbox 228 402 1018 447; baseline -0.003 -8"><span class='ocrx_word' id='word_1_19' title='bbox 228 402 460 439; x_wconf 88' lang='lat' dir='ltr'>Withmunde</span> <span class='ocrx_word' id='word_1_20' title='bbox 486 402 600 446; x_wconf 84' lang='lat' dir='ltr'>igitur</span> <span class='ocrx_word' id='word_1_21' title='bbox 627 403 719 437; x_wconf 81' lang='lat' dir='ltr'>alter</span> <span class='ocrx_word' id='word_1_22' title='bbox 748 403 844 437; x_wconf 84' lang='lat' dir='ltr'>locus</span> <span class='ocrx_word' id='word_1_23' title='bbox 869 402 1018 447; x_wconf 85' lang='lat' dir='ltr'>petitur,</span> 
     </span>
     <span class='ocr_line' id='line_1_5' title="bbox 307 463 1143 520; baseline 0.006 -16"><span class='ocrx_word' id='word_1_24' title='bbox 307 474 367 520; x_wconf 85' lang='lat' dir='ltr'>qui</span> <span class='ocrx_word' id='word_1_25' title='bbox 400 463 533 505; x_wconf 81' lang='lat' dir='ltr'>adhue</span> <span class='ocrx_word' id='word_1_26' title='bbox 565 465 627 504; x_wconf 71' lang='lat' dir='ltr'>esi]</span> <span class='ocrx_word' id='word_1_27' title='bbox 658 464 757 505; x_wconf 81' lang='lat' dir='ltr'>situs</span> <span class='ocrx_word' id='word_1_28' title='bbox 789 484 892 519; x_wconf 84' lang='lat' dir='ltr'>super</span> <span class='ocrx_word' id='word_1_29' title='bbox 917 473 1009 508; x_wconf 82' lang='lat' dir='ltr'>Islae</span> <span class='ocrx_word' id='word_1_30' title='bbox 1035 474 1143 515; x_wconf 78' lang='lat' dir='ltr'>litus3</span> 
     </span>
     <span class='ocr_line' id='line_1_6' title="bbox 232 533 1332 588; baseline -0.002 -10"><span class='ocrx_word' id='word_1_31' title='bbox 232 536 309 578; x_wconf 77' lang='grc'><strong>8611</strong></span> <span class='ocrx_word' id='word_1_32' title='bbox 345 536 385 577; x_wconf 86' lang='lat' dir='ltr'>et</span> <span class='ocrx_word' id='word_1_33' title='bbox 416 534 483 576; x_wconf 90' lang='lat' dir='ltr'>hic</span> <span class='ocrx_word' id='word_1_34' title='bbox 514 534 742 588; x_wconf 82' lang='lat' dir='ltr'>previdens,</span> <span class='ocrx_word' id='word_1_35' title='bbox 776 534 880 588; x_wconf 87' lang='lat' dir='ltr'>quod</span> <span class='ocrx_word' id='word_1_36' title='bbox 914 534 968 576; x_wconf 91' lang='lat' dir='ltr'>sit</span> <span class='ocrx_word' id='word_1_37' title='bbox 998 535 1083 576; x_wconf 82' lang='lat' dir='ltr'>Deo</span> <span class='ocrx_word' id='word_1_38' title='bbox 1115 533 1332 588; x_wconf 80' lang='lat' dir='ltr'>displicens</span> 
     </span>
     <span class='ocr_line' id='line_1_7' title="bbox 71 605 1108 661; baseline -0.005 -11"><span class='ocrx_word' id='word_1_39' title='bbox 71 610 167 650; x_wconf 79' lang='grc'><strong>810.</strong></span> <span class='ocrx_word' id='word_1_40' title='bbox 303 607 413 648; x_wconf 83' lang='grc'><strong>106113</strong></span> <span class='ocrx_word' id='word_1_41' title='bbox 446 605 486 647; x_wconf 82' lang='lat' dir='ltr'>et</span> <span class='ocrx_word' id='word_1_42' title='bbox 517 605 703 660; x_wconf 84' lang='lat' dir='ltr'>ingratus</span> <span class='ocrx_word' id='word_1_43' title='bbox 722 606 749 657; x_wconf 82' lang='lat'>2,</span> <span class='ocrx_word' id='word_1_44' title='bbox 781 616 956 661; x_wconf 77' lang='lat' dir='ltr'>presbiter</span> <span class='ocrx_word' id='word_1_45' title='bbox 980 615 1108 651; x_wconf 80' lang='lat' dir='ltr'>beatus</span> 
     </span>
     <span class='ocr_line' id='line_1_8' title="bbox 232 676 1036 733; baseline -0.007 -10"><span class='ocrx_word' id='word_1_46' title='bbox 232 688 436 733; x_wconf 81' lang='lat' dir='ltr'>Arnapham</span> <span class='ocrx_word' id='word_1_47' title='bbox 473 687 621 722; x_wconf 89' lang='lat' dir='ltr'>fiuvium</span> <span class='ocrx_word' id='word_1_48' title='bbox 660 677 701 718; x_wconf 70' lang='lat' dir='ltr'>ei]</span> <span class='ocrx_word' id='word_1_49' title='bbox 732 676 768 718; x_wconf 70' lang='lat' dir='ltr'>ei</span> <span class='ocrx_word' id='word_1_50' title='bbox 800 676 1036 731; x_wconf 65' lang='lat' dir='ltr'>contiguum</span> 
     </span>
    </p>
   </div>
   <div class='ocr_carea' id='block_1_3' title="bbox 72 747 1175 1350">
    <p class='ocr_par' dir='ltr' id='par_1_3' title="bbox 72 747 1175 1350">
     <span class='ocr_line' id='line_1_9' title="bbox 301 747 1097 805; baseline -0.001 -12"><span class='ocrx_word' id='word_1_51' title='bbox 301 759 396 805; x_wconf 84' lang='lat' dir='ltr'>petit</span> <span class='ocrx_word' id='word_1_52' title='bbox 426 761 543 790; x_wconf 79' lang='lat' dir='ltr'>suum</span> <span class='ocrx_word' id='word_1_53' title='bbox 575 747 720 791; x_wconf 80' lang='lat' dir='ltr'>Welde</span> <span class='ocrx_word' id='word_1_54' title='bbox 738 748 754 773; x_wconf 79' lang='lat'><strong>3</strong></span> <span class='ocrx_word' id='word_1_55' title='bbox 784 759 949 793; x_wconf 76' lang='lat' dir='ltr'>anxiatus</span> <span class='ocrx_word' id='word_1_56' title='bbox 985 757 1097 793; x_wconf 83' lang='lat' dir='ltr'>valde.</span> 
     </span>
     <span class='ocr_line' id='line_1_10' title="bbox 232 818 1041 855; baseline -0.002 -1"><span class='ocrx_word' id='word_1_57' title='bbox 232 820 298 855; x_wconf 87' lang='lat' dir='ltr'>Hic</span> <span class='ocrx_word' id='word_1_58' title='bbox 323 819 419 853; x_wconf 89' lang='lat' dir='ltr'>omni</span> <span class='ocrx_word' id='word_1_59' title='bbox 444 818 562 853; x_wconf 90' lang='lat' dir='ltr'>animo</span> <span class='ocrx_word' id='word_1_60' title='bbox 588 820 723 853; x_wconf 84' lang='lat' dir='ltr'>stratus</span> <span class='ocrx_word' id='word_1_61' title='bbox 750 829 865 853; x_wconf 83' lang='lat' dir='ltr'>coram</span> <span class='ocrx_word' id='word_1_62' title='bbox 890 818 1041 852; x_wconf 90' lang='lat' dir='ltr'>Domino</span> 
     </span>
     <span class='ocr_line' id='line_1_11' title="bbox 302 877 1003 913; baseline 0 -1"><span class='ocrx_word' id='word_1_63' title='bbox 302 878 476 913; x_wconf 84' lang='lat' dir='ltr'>invitavit</span> <span class='ocrx_word' id='word_1_64' title='bbox 500 888 620 912; x_wconf 88' lang='lat' dir='ltr'>verum</span> <span class='ocrx_word' id='word_1_65' title='bbox 646 877 844 912; x_wconf 87' lang='lat' dir='ltr'>adiutorem</span> <span class='ocrx_word' id='word_1_66' title='bbox 870 877 1003 912; x_wconf 88' lang='lat' dir='ltr'>Deum:</span> 
     </span>
     <span class='ocr_line' id='line_1_12' title="bbox 72 929 939 981; baseline 0.002 -11"><span class='ocrx_word' id='word_1_67' title='bbox 72 929 169 971; x_wconf 76' lang='grc'><strong>815.</strong></span> <span class='ocrx_word' id='word_1_68' title='bbox 232 938 358 972; x_wconf 87' lang='lat' dir='ltr'>Multis</span> <span class='ocrx_word' id='word_1_69' title='bbox 384 937 541 978; x_wconf 88' lang='lat' dir='ltr'>ieiuniis,</span> <span class='ocrx_word' id='word_1_70' title='bbox 568 937 692 972; x_wconf 84' lang='lat' dir='ltr'>multis</span> <span class='ocrx_word' id='word_1_71' title='bbox 718 937 775 972; x_wconf 88' lang='lat' dir='ltr'>hic</span> <span class='ocrx_word' id='word_1_72' title='bbox 801 937 939 981; x_wconf 84' lang='lat' dir='ltr'>vigiliis</span> 
     </span>
     <span class='ocr_line' id='line_1_13' title="bbox 303 992 1029 1032; baseline 0 -1"><span class='ocrx_word' id='word_1_73' title='bbox 303 996 444 1031; x_wconf 83' lang='lat' dir='ltr'>Christo</span> <span class='ocrx_word' id='word_1_74' title='bbox 471 992 531 1031; x_wconf 67' lang='lat' dir='ltr'>sub</span> <span class='ocrx_word' id='word_1_75' title='bbox 557 999 642 1032; x_wconf 81' lang='lat' dir='ltr'>vota</span> <span class='ocrx_word' id='word_1_76' title='bbox 667 997 770 1032; x_wconf 82' lang='lat' dir='ltr'>offert</span> <span class='ocrx_word' id='word_1_77' title='bbox 794 999 914 1032; x_wconf 87' lang='lat' dir='ltr'>mente</span> <span class='ocrx_word' id='word_1_78' title='bbox 940 998 1029 1032; x_wconf 85' lang='lat' dir='ltr'>tota.</span> 
     </span>
     <span class='ocr_line' id='line_1_14' title="bbox 140 1056 1100 1102; baseline -0.001 -10"><span class='ocrx_word' id='word_1_79' title='bbox 140 1058 184 1092; x_wconf 89' lang='grc'>18</span> <span class='ocrx_word' id='word_1_80' title='bbox 232 1057 299 1091; x_wconf 81' lang='lat' dir='ltr'>liic</span> <span class='ocrx_word' id='word_1_81' title='bbox 326 1058 458 1091; x_wconf 88' lang='lat' dir='ltr'>nocte</span> <span class='ocrx_word' id='word_1_82' title='bbox 484 1056 616 1102; x_wconf 87' lang='lat' dir='ltr'>aliqua,</span> <span class='ocrx_word' id='word_1_83' title='bbox 643 1056 738 1092; x_wconf 82' lang='lat' dir='ltr'>facta</span> <span class='ocrx_word' id='word_1_84' title='bbox 765 1067 896 1092; x_wconf 87' lang='lat' dir='ltr'>cruce</span> <span class='ocrx_word' id='word_1_85' title='bbox 923 1057 1100 1101; x_wconf 86' lang='lat' dir='ltr'>lignea,</span> 
     </span>
     <span class='ocr_line' id='line_1_15' title="bbox 304 1116 1175 1162; baseline 0 -12"><span class='ocrx_word' id='word_1_86' title='bbox 304 1118 388 1150; x_wconf 85' lang='lat' dir='ltr'>ante</span> <span class='ocrx_word' id='word_1_87' title='bbox 415 1116 528 1161; x_wconf 86' lang='lat' dir='ltr'>ipsam</span> <span class='ocrx_word' id='word_1_88' title='bbox 554 1127 690 1151; x_wconf 88' lang='lat' dir='ltr'>crucem</span> <span class='ocrx_word' id='word_1_89' title='bbox 715 1117 809 1152; x_wconf 82' lang='lat' dir='ltr'>iacet</span> <span class='ocrx_word' id='word_1_90' title='bbox 841 1128 985 1162; x_wconf 85' lang='lat' dir='ltr'>usque</span> <span class='ocrx_word' id='word_1_91' title='bbox 1011 1117 1175 1157; x_wconf 84' lang='lat' dir='ltr'>lucem,</span> 
     </span>
     <span class='ocr_line' id='line_1_16' title="bbox 233 1174 1130 1221; baseline 0.001 -13"><span class='ocrx_word' id='word_1_92' title='bbox 233 1174 375 1218; x_wconf 83' lang='lat' dir='ltr'>Magnis</span> <span class='ocrx_word' id='word_1_93' title='bbox 403 1176 488 1209; x_wconf 84' lang='lat' dir='ltr'>tunc</span> <span class='ocrx_word' id='word_1_94' title='bbox 514 1175 668 1217; x_wconf 84' lang='lat' dir='ltr'>fletibus,</span> <span class='ocrx_word' id='word_1_95' title='bbox 695 1176 834 1210; x_wconf 86' lang='lat' dir='ltr'>intimis</span> <span class='ocrx_word' id='word_1_96' title='bbox 860 1178 945 1211; x_wconf 88' lang='lat' dir='ltr'>tune</span> <span class='ocrx_word' id='word_1_97' title='bbox 969 1175 1130 1221; x_wconf 85' lang='lat' dir='ltr'>precibus</span> 
     </span>
     <span class='ocr_line' id='line_1_17' title="bbox 74 1234 941 1278; baseline 0.003 -11"><span class='ocrx_word' id='word_1_98' title='bbox 74 1237 172 1278; x_wconf 61' lang='lat'>820,</span> <span class='ocrx_word' id='word_1_99' title='bbox 305 1234 436 1268; x_wconf 88' lang='lat' dir='ltr'>meruit</span> <span class='ocrx_word' id='word_1_100' title='bbox 462 1234 594 1276; x_wconf 81' lang='lat' dir='ltr'>audire,</span> <span class='ocrx_word' id='word_1_101' title='bbox 626 1234 694 1269; x_wconf 78' lang='lat' dir='ltr'>dici</span> <span class='ocrx_word' id='word_1_102' title='bbox 722 1235 766 1270; x_wconf 86' lang='lat' dir='ltr'>ad</span> <span class='ocrx_word' id='word_1_103' title='bbox 792 1247 827 1270; x_wconf 88' lang='lat' dir='ltr'>se</span> <span class='ocrx_word' id='word_1_104' title='bbox 853 1236 941 1270; x_wconf 90' lang='lat' dir='ltr'>mire</span> 
     </span>
     <span class='ocr_line' id='line_1_18' title="bbox 233 1295 1096 1350; baseline 0 -13"><span class='ocrx_word' id='word_1_105' title='bbox 233 1297 288 1337; x_wconf 85' lang='lat' dir='ltr'>Et</span> <span class='ocrx_word' id='word_1_106' title='bbox 318 1296 405 1338; x_wconf 83' lang='lat' dir='ltr'>loca</span> <span class='ocrx_word' id='word_1_107' title='bbox 430 1296 600 1350; x_wconf 83' lang='lat' dir='ltr'>singula</span> <span class='ocrx_word' id='word_1_108' title='bbox 632 1297 871 1338; x_wconf 84' lang='lat' dir='ltr'>Werthinae</span> <span class='ocrx_word' id='word_1_109' title='bbox 905 1295 1096 1350; x_wconf 84' lang='lat' dir='ltr'>contigua</span> 
     </span>
    </p>
   </div>
   <div class='ocr_carea' id='block_1_4' title="bbox 76 1367 1190 1661">
    <p class='ocr_par' dir='ltr' id='par_1_4' title="bbox 76 1367 1190 1661">
     <span class='ocr_line' id='line_1_19' title="bbox 307 1367 1124 1418; baseline 0 -10"><span class='ocrx_word' id='word_1_110' title='bbox 307 1367 388 1409; x_wconf 86' lang='lat' dir='ltr'>dici</span> <span class='ocrx_word' id='word_1_111' title='bbox 418 1367 656 1409; x_wconf 84' lang='lat' dir='ltr'>nominatim</span> <span class='ocrx_word' id='word_1_112' title='bbox 692 1380 848 1409; x_wconf 81' lang='lat' dir='ltr'>sursum</span> <span class='ocrx_word' id='word_1_113' title='bbox 883 1368 923 1409; x_wconf 89' lang='lat' dir='ltr'>et</span> <span class='ocrx_word' id='word_1_114' title='bbox 954 1367 1124 1418; x_wconf 81' lang='lat' dir='ltr'>affatim,</span> 
     </span>
     <span class='ocr_line' id='line_1_20' title="bbox 235 1436 896 1479; baseline 0.002 -8"><span class='ocrx_word' id='word_1_115' title='bbox 235 1436 302 1471; x_wconf 90' lang='lat' dir='ltr'>Hie</span> <span class='ocrx_word' id='word_1_116' title='bbox 327 1437 515 1479; x_wconf 88' lang='lat' dir='ltr'>edificium,</span> <span class='ocrx_word' id='word_1_117' title='bbox 542 1437 621 1479; x_wconf 85' lang='lat' dir='ltr'>dici,</span> <span class='ocrx_word' id='word_1_118' title='bbox 649 1439 685 1472; x_wconf 87' lang='lat' dir='ltr'>et</span> <span class='ocrx_word' id='word_1_119' title='bbox 710 1437 896 1472; x_wconf 82' lang='lat' dir='ltr'>servicium</span> 
     </span>
     <span class='ocr_line' id='line_1_21' title="bbox 309 1497 964 1541; baseline 0 -10"><span class='ocrx_word' id='word_1_120' title='bbox 309 1499 501 1532; x_wconf 72' lang='lat' dir='ltr'>creatorem</span> <span class='ocrx_word' id='word_1_121' title='bbox 527 1508 640 1532; x_wconf 88' lang='lat' dir='ltr'>rerum</span> <span class='ocrx_word' id='word_1_122' title='bbox 668 1497 810 1541; x_wconf 84' lang='lat' dir='ltr'>eligisse</span> <span class='ocrx_word' id='word_1_123' title='bbox 840 1497 964 1531; x_wconf 85' lang='lat' dir='ltr'>Deum.</span> 
     </span>
     <span class='ocr_line' id='line_1_22' title="bbox 76 1545 1141 1600; baseline 0.004 -13"><span class='ocrx_word' id='word_1_124' title='bbox 76 1545 173 1588; x_wconf 75' lang='grc'><strong>825.</strong></span> <span class='ocrx_word' id='word_1_125' title='bbox 236 1556 309 1591; x_wconf 89' lang='lat' dir='ltr'>Hoc</span> <span class='ocrx_word' id='word_1_126' title='bbox 335 1559 478 1591; x_wconf 86' lang='lat' dir='ltr'>sanctus</span> <span class='ocrx_word' id='word_1_127' title='bbox 504 1556 661 1598; x_wconf 85' lang='lat' dir='ltr'>audiens,</span> <span class='ocrx_word' id='word_1_128' title='bbox 688 1556 843 1600; x_wconf 86' lang='lat' dir='ltr'>vigilans</span> <span class='ocrx_word' id='word_1_129' title='bbox 868 1566 930 1591; x_wconf 90' lang='lat' dir='ltr'>nec</span> <span class='ocrx_word' id='word_1_130' title='bbox 955 1555 1141 1598; x_wconf 80' lang='lat' dir='ltr'>dormiens,</span> 
     </span>
     <span class='ocr_line' id='line_1_23' title="bbox 306 1615 1190 1661; baseline -0.001 -10"><span class='ocrx_word' id='word_1_131' title='bbox 306 1618 343 1651; x_wconf 89' lang='lat' dir='ltr'>et</span> <span class='ocrx_word' id='word_1_132' title='bbox 368 1627 404 1651; x_wconf 87' lang='lat' dir='ltr'>se</span> <span class='ocrx_word' id='word_1_133' title='bbox 429 1615 590 1661; x_wconf 83' lang='lat' dir='ltr'>gaudens</span> <span class='ocrx_word' id='word_1_134' title='bbox 615 1617 758 1650; x_wconf 82' lang='lat' dir='ltr'>nactum</span> <span class='ocrx_word' id='word_1_135' title='bbox 785 1616 927 1650; x_wconf 86' lang='lat' dir='ltr'>locum</span> <span class='ocrx_word' id='word_1_136' title='bbox 953 1616 1003 1650; x_wconf 88' lang='lat' dir='ltr'>sic</span> <span class='ocrx_word' id='word_1_137' title='bbox 1029 1615 1190 1657; x_wconf 81' lang='lat' dir='ltr'>electum,</span> 
     </span>
    </p>
   </div>
   <div class='ocr_carea' id='block_1_5' title="bbox 239 1676 1156 1791">
    <p class='ocr_par' dir='ltr' id='par_1_5' title="bbox 239 1676 1156 1791">
     <span class='ocr_line' id='line_1_24' title="bbox 239 1676 1156 1732; baseline 0.001 -11"><span class='ocrx_word' id='word_1_138' title='bbox 239 1686 364 1731; x_wconf 78' lang='lat' dir='ltr'>Surgit</span> <span class='ocrx_word' id='word_1_139' title='bbox 395 1676 658 1722; x_wconf 78' lang='lat' dir='ltr'>laetissimus</span> <span class='ocrx_word' id='word_1_140' title='bbox 669 1688 694 1730; x_wconf 69' lang='lat'>⁴,</span> <span class='ocrx_word' id='word_1_141' title='bbox 720 1688 757 1721; x_wconf 92' lang='lat' dir='ltr'>in</span> <span class='ocrx_word' id='word_1_142' title='bbox 783 1687 900 1732; x_wconf 77' lang='lat' dir='ltr'>ymnis</span> <span class='ocrx_word' id='word_1_143' title='bbox 926 1689 963 1722; x_wconf 92' lang='lat' dir='ltr'>et</span> <span class='ocrx_word' id='word_1_144' title='bbox 992 1686 1156 1723; x_wconf 86' lang='lat' dir='ltr'>laudibus</span> 
     </span>
     <span class='ocr_line' id='line_1_25' title="bbox 309 1747 1040 1791; baseline 0 -10"><span class='ocrx_word' id='word_1_145' title='bbox 309 1748 430 1790; x_wconf 86' lang='lat' dir='ltr'>grates</span> <span class='ocrx_word' id='word_1_146' title='bbox 455 1758 575 1782; x_wconf 90' lang='lat' dir='ltr'>omnes</span> <span class='ocrx_word' id='word_1_147' title='bbox 600 1747 667 1782; x_wconf 87' lang='lat' dir='ltr'>soli</span> <span class='ocrx_word' id='word_1_148' title='bbox 694 1747 852 1791; x_wconf 85' lang='lat' dir='ltr'>agens⁵</span> <span class='ocrx_word' id='word_1_149' title='bbox 878 1747 1040 1789; x_wconf 81' lang='lat' dir='ltr'>creatori,</span> 
     </span>
    </p>
   </div>
   <div class='ocr_carea' id='block_1_6' title="bbox 79 1805 996 1901">
    <p class='ocr_par' dir='ltr' id='par_1_6' title="bbox 79 1805 996 1901">
     <span class='ocr_line' id='line_1_26' title="bbox 239 1805 996 1849; baseline 0.001 -9"><span class='ocrx_word' id='word_1_150' title='bbox 239 1805 287 1839; x_wconf 86' lang='lat' dir='ltr'>Et</span> <span class='ocrx_word' id='word_1_151' title='bbox 312 1805 459 1840; x_wconf 78' lang='lat' dir='ltr'>tardans</span> <span class='ocrx_word' id='word_1_152' title='bbox 485 1806 650 1841; x_wconf 86' lang='lat' dir='ltr'>minime:</span> <span class='ocrx_word' id='word_1_153' title='bbox 677 1805 798 1840; x_wconf 88' lang='lat' dir='ltr'>divino</span> <span class='ocrx_word' id='word_1_154' title='bbox 823 1806 996 1849; x_wconf 77' lang='lat' dir='ltr'>regimine</span> 
     </span>
     <span class='ocr_line' id='line_1_27' title="bbox 79 1854 919 1901; baseline 0.007 -7"><span class='ocrx_word' id='word_1_155' title='bbox 79 1854 178 1896; x_wconf 80' lang='lat'><strong>830.</strong></span> <span class='ocrx_word' id='word_1_156' title='bbox 310 1865 435 1899; x_wconf 83' lang='lat' dir='ltr'>statim</span> <span class='ocrx_word' id='word_1_157' title='bbox 461 1867 540 1900; x_wconf 83' lang='lat' dir='ltr'>orta</span> <span class='ocrx_word' id='word_1_158' title='bbox 565 1865 622 1900; x_wconf 91' lang='lat' dir='ltr'>die</span> <span class='ocrx_word' id='word_1_159' title='bbox 649 1865 768 1900; x_wconf 84' lang='lat' dir='ltr'>tendit</span> <span class='ocrx_word' id='word_1_160' title='bbox 792 1876 832 1900; x_wconf 85' lang='lat' dir='ltr'>co</span> <span class='ocrx_word' id='word_1_161' title='bbox 858 1867 919 1901; x_wconf 89' lang='lat' dir='ltr'>ire.</span> 
     </span>
    </p>
   </div>
   <div class='ocr_carea' id='block_1_7' title="bbox 240 1925 1066 2043">
    <p class='ocr_par' dir='ltr' id='par_1_7' title="bbox 240 1925 1066 2043">
     <span class='ocr_line' id='line_1_28' title="bbox 240 1925 1066 1982; baseline 0.007 -16"><span class='ocrx_word' id='word_1_162' title='bbox 240 1925 297 1967; x_wconf 67' lang='lat' dir='ltr'>Ut</span> <span class='ocrx_word' id='word_1_163' title='bbox 330 1925 461 1968; x_wconf 79' lang='lat' dir='ltr'>dicam</span> <span class='ocrx_word' id='word_1_164' title='bbox 494 1926 682 1977; x_wconf 73' lang='lat' dir='ltr'>breviter,</span> <span class='ocrx_word' id='word_1_165' title='bbox 715 1937 878 1982; x_wconf 87' lang='lat' dir='ltr'>pervenit</span> <span class='ocrx_word' id='word_1_166' title='bbox 904 1937 1066 1972; x_wconf 89' lang='lat' dir='ltr'>celeriter</span> 
     </span>
     <span class='ocr_line' id='line_1_29' title="bbox 311 1996 1060 2043; baseline 0.001 -13"><span class='ocrx_word' id='word_1_167' title='bbox 311 1997 347 2031; x_wconf 86' lang='lat' dir='ltr'>et</span> <span class='ocrx_word' id='word_1_168' title='bbox 372 1996 485 2031; x_wconf 87' lang='lat' dir='ltr'>locum</span> <span class='ocrx_word' id='word_1_169' title='bbox 511 1996 661 2039; x_wconf 86' lang='lat' dir='ltr'>invenit,</span> <span class='ocrx_word' id='word_1_170' title='bbox 687 1996 783 2032; x_wconf 84' lang='lat' dir='ltr'>Deus</span> <span class='ocrx_word' id='word_1_171' title='bbox 809 2007 912 2043; x_wconf 83' lang='lat' dir='ltr'>quem</span> <span class='ocrx_word' id='word_1_172' title='bbox 938 1997 1060 2041; x_wconf 77' lang='lat' dir='ltr'>elegit.</span> 
     </span>
    </p>
   </div>
   <div class='ocr_carea' id='block_1_8' title="bbox 32 2112 1580 2219">
    <p class='ocr_par' dir='ltr' id='par_1_8' title="bbox 32 2112 1580 2219">
     <span class='ocr_line' id='line_1_30' title="bbox 172 2112 1579 2160; baseline 0.001 -12"><span class='ocrx_word' id='word_1_173' title='bbox 172 2113 250 2148; x_wconf 89' lang='grc'><strong>812.</strong></span> <span class='ocrx_word' id='word_1_174' title='bbox 277 2112 334 2148; x_wconf 81' lang='lat' dir='ltr'>(lie</span> <span class='ocrx_word' id='word_1_175' title='bbox 359 2113 437 2148; x_wconf 87' lang='lat' dir='ltr'>Erff</span> <span class='ocrx_word' id='word_1_176' title='bbox 457 2113 505 2160; x_wconf 88' lang='lat' dir='ltr'>by</span> <span class='ocrx_word' id='word_1_177' title='bbox 531 2114 597 2149; x_wconf 88' lang='lat' dir='ltr'>den</span> <span class='ocrx_word' id='word_1_178' title='bbox 625 2113 844 2149; x_wconf 86' lang='lat' dir='ltr'>Welderhoff</span> <span class='ocrx_word' id='word_1_179' title='bbox 866 2114 989 2150; x_wconf 74' lang='lat' dir='ltr'>Glosse</span> <span class='ocrx_word' id='word_1_180' title='bbox 1010 2112 1049 2151; x_wconf 83' lang='lat' dir='ltr'>T.</span> <span class='ocrx_word' id='word_1_181' title='bbox 1078 2134 1120 2140; x_wconf 73' lang='lat'>—</span> <span class='ocrx_word' id='word_1_182' title='bbox 1151 2113 1336 2158; x_wconf 75' lang='lat' dir='ltr'>Werthinc</span> <span class='ocrx_word' id='word_1_183' title='bbox 1361 2125 1449 2150; x_wconf 81' lang='lat' dir='ltr'>corr.</span> <span class='ocrx_word' id='word_1_184' title='bbox 1478 2115 1517 2150; x_wconf 85' lang='lat' dir='ltr'>T.</span> <span class='ocrx_word' id='word_1_185' title='bbox 1536 2136 1579 2141; x_wconf 89' lang='lat'>—</span> 
     </span>
     <span class='ocr_line' id='line_1_31' title="bbox 32 2173 1580 2219; baseline 0.002 -12"><span class='ocrx_word' id='word_1_186' title='bbox 32 2173 226 2208; x_wconf 74' lang='lat'>833—848.</span> <span class='ocrx_word' id='word_1_187' title='bbox 253 2173 350 2219; x_wconf 75' lang='lat' dir='ltr'>yedr.</span> <span class='ocrx_word' id='word_1_188' title='bbox 369 2174 461 2209; x_wconf 82' lang='lat' dir='ltr'>Boll.</span> <span class='ocrx_word' id='word_1_189' title='bbox 490 2194 533 2199; x_wconf 87' lang='lat'>-—</span> <span class='ocrx_word' id='word_1_190' title='bbox 559 2175 638 2210; x_wconf 85' lang='lat'><strong>833.</strong></span> <span class='ocrx_word' id='word_1_191' title='bbox 665 2175 801 2210; x_wconf 60' lang='lat' dir='ltr'>schemat</span> <span class='ocrx_word' id='word_1_192' title='bbox 826 2186 912 2210; x_wconf 82' lang='lat' dir='ltr'>corr.</span> <span class='ocrx_word' id='word_1_193' title='bbox 940 2186 1008 2210; x_wconf 77' lang='lat' dir='ltr'>aus</span> <span class='ocrx_word' id='word_1_194' title='bbox 1027 2174 1080 2210; x_wconf 88' lang='lat' dir='ltr'>uel</span> <span class='ocrx_word' id='word_1_195' title='bbox 1101 2175 1141 2211; x_wconf 87' lang='grc' dir='ltr'><strong>Τ.</strong></span> <span class='ocrx_word' id='word_1_196' title='bbox 1168 2194 1212 2199; x_wconf 89' lang='grc'>-</span> <span class='ocrx_word' id='word_1_197' title='bbox 1238 2175 1317 2210; x_wconf 86' lang='grc'><strong>834.</strong></span> <span class='ocrx_word' id='word_1_198' title='bbox 1336 2175 1469 2210; x_wconf 85' lang='lat' dir='ltr'>isthinc</span> <span class='ocrx_word' id='word_1_199' title='bbox 1486 2176 1580 2211; x_wconf 77' lang='lat' dir='ltr'>Bon.</span> 
     </span>
    </p>
   </div>
   <div class='ocr_carea' id='block_1_9' title="bbox 32 2271 309 2276">
    <p class='ocr_par' dir='ltr' id='par_1_9' title="bbox 32 2271 309 2276">
     <span class='ocr_line' id='line_1_32' title="bbox 32 2271 309 2276; baseline 0 0"><span class='ocrx_word' id='word_1_200' title='bbox 32 2271 309 2276; x_wconf 95' lang='lat' dir='ltr'> </span> 
     </span>
    </p>
   </div>
   <div class='ocr_carea' id='block_1_10' title="bbox 33 2326 1584 2972">
    <p class='ocr_par' dir='ltr' id='par_1_10' title="bbox 175 2326 1180 2370">
     <span class='ocr_line' id='line_1_33' title="bbox 175 2326 1180 2370; baseline 0.003 -8"><span class='ocrx_word' id='word_1_201' title='bbox 175 2329 209 2370; x_wconf 86' lang='lat'>1)</span> <span class='ocrx_word' id='word_1_202' title='bbox 235 2326 322 2363; x_wconf 85' lang='lat' dir='ltr'>Vita</span> <span class='ocrx_word' id='word_1_203' title='bbox 348 2328 376 2363; x_wconf 89' lang='grc' dir='ltr'><strong>Ι.</strong></span> <span class='ocrx_word' id='word_1_204' title='bbox 403 2339 430 2363; x_wconf 92' lang='lat' dir='ltr'>c.</span> <span class='ocrx_word' id='word_1_205' title='bbox 459 2327 523 2370; x_wconf 81' lang='lat'>27;</span> <span class='ocrx_word' id='word_1_206' title='bbox 550 2328 627 2364; x_wconf 80' lang='lat' dir='ltr'>vita</span> <span class='ocrx_word' id='word_1_207' title='bbox 653 2328 700 2363; x_wconf 87' lang='grc' dir='ltr'><strong>Π.</strong></span> <span class='ocrx_word' id='word_1_208' title='bbox 728 2339 754 2363; x_wconf 88' lang='lat' dir='ltr'>c.</span> <span class='ocrx_word' id='word_1_209' title='bbox 784 2329 847 2370; x_wconf 78' lang='lat'>193</span> <span class='ocrx_word' id='word_1_210' title='bbox 875 2328 950 2363; x_wconf 87' lang='lat' dir='ltr'>vita</span> <span class='ocrx_word' id='word_1_211' title='bbox 976 2329 1044 2365; x_wconf 86' lang='lat'>111.</span> <span class='ocrx_word' id='word_1_212' title='bbox 1071 2340 1098 2364; x_wconf 88' lang='grc'>6.</span> <span class='ocrx_word' id='word_1_213' title='bbox 1125 2330 1180 2365; x_wconf 83' lang='grc'><strong>24.</strong></span> 
     </span>
    </p>

    <p class='ocr_par' dir='ltr' id='par_1_11' title="bbox 33 2387 1580 2492">
     <span class='ocr_line' id='line_1_34' title="bbox 174 2387 1580 2434; baseline 0.002 -13"><span class='ocrx_word' id='word_1_214' title='bbox 174 2387 209 2432; x_wconf 91' lang='grc'>2)</span> <span class='ocrx_word' id='word_1_215' title='bbox 234 2387 333 2422; x_wconf 85' lang='lat' dir='ltr'>Nach</span> <span class='ocrx_word' id='word_1_216' title='bbox 359 2388 437 2422; x_wconf 82' lang='lat' dir='ltr'>vita</span> <span class='ocrx_word' id='word_1_217' title='bbox 461 2388 509 2423; x_wconf 91' lang='grc' dir='ltr'><strong>ΙΙ.</strong></span> <span class='ocrx_word' id='word_1_218' title='bbox 537 2399 564 2423; x_wconf 84' lang='grc'>6.</span> <span class='ocrx_word' id='word_1_219' title='bbox 590 2390 636 2424; x_wconf 86' lang='grc'>28</span> <span class='ocrx_word' id='word_1_220' title='bbox 661 2388 731 2423; x_wconf 88' lang='grc'><strong>111111</strong></span> <span class='ocrx_word' id='word_1_221' title='bbox 759 2389 835 2423; x_wconf 85' lang='lat' dir='ltr'>vita</span> <span class='ocrx_word' id='word_1_222' title='bbox 860 2389 929 2425; x_wconf 93' lang='grc' dir='ltr'><strong>ΙΙΙ.</strong></span> <span class='ocrx_word' id='word_1_223' title='bbox 956 2400 982 2424; x_wconf 82' lang='grc'>6.</span> <span class='ocrx_word' id='word_1_224' title='bbox 1001 2390 1045 2424; x_wconf 82' lang='grc'>26</span> <span class='ocrx_word' id='word_1_225' title='bbox 1072 2389 1193 2425; x_wconf 89' lang='lat' dir='ltr'>erfuhr</span> <span class='ocrx_word' id='word_1_226' title='bbox 1218 2388 1375 2434; x_wconf 84' lang='lat' dir='ltr'>Liudger</span> <span class='ocrx_word' id='word_1_227' title='bbox 1400 2389 1474 2424; x_wconf 83' lang='lat' dir='ltr'>dies</span> <span class='ocrx_word' id='word_1_228' title='bbox 1493 2389 1580 2424; x_wconf 83' lang='lat' dir='ltr'>auch</span> 
     </span>
     <span class='ocr_line' id='line_1_35' title="bbox 33 2445 862 2492; baseline 0.001 -11"><span class='ocrx_word' id='word_1_229' title='bbox 33 2446 70 2481; x_wconf 90' lang='lat' dir='ltr'>in</span> <span class='ocrx_word' id='word_1_230' title='bbox 97 2445 157 2481; x_wconf 88' lang='lat' dir='ltr'>der</span> <span class='ocrx_word' id='word_1_231' title='bbox 184 2458 215 2482; x_wconf 90' lang='lat' dir='ltr'>v.</span> <span class='ocrx_word' id='word_1_232' title='bbox 240 2448 308 2482; x_wconf 87' lang='grc'>817</span> <span class='ocrx_word' id='word_1_233' title='bbox 335 2448 369 2482; x_wconf 89' lang='lat' dir='ltr'>ff.</span> <span class='ocrx_word' id='word_1_234' title='bbox 397 2448 576 2482; x_wconf 67' lang='lat' dir='ltr'>erziihlten</span> <span class='ocrx_word' id='word_1_235' title='bbox 612 2447 862 2492; x_wconf 82' lang='lat' dir='ltr'>Offenbarung.</span> 
     </span>
    </p>

    <p class='ocr_par' dir='ltr' id='par_1_12' title="bbox 33 2506 1584 2909">
     <span class='ocr_line' id='line_1_36' title="bbox 174 2506 1581 2551; baseline 0.001 -11"><span class='ocrx_word' id='word_1_236' title='bbox 174 2506 210 2549; x_wconf 88' lang='lat'>3)</span> <span class='ocrx_word' id='word_1_237' title='bbox 236 2507 308 2541; x_wconf 87' lang='lat' dir='ltr'>Das</span> <span class='ocrx_word' id='word_1_238' title='bbox 333 2506 421 2541; x_wconf 78' lang='lat' dir='ltr'>Dori</span> <span class='ocrx_word' id='word_1_239' title='bbox 447 2507 548 2542; x_wconf 85' lang='lat' dir='ltr'>Wehl</span> <span class='ocrx_word' id='word_1_240' title='bbox 575 2508 611 2543; x_wconf 90' lang='lat' dir='ltr'>in</span> <span class='ocrx_word' id='word_1_241' title='bbox 638 2506 699 2542; x_wconf 77' lang='lat' dir='ltr'>der</span> <span class='ocrx_word' id='word_1_242' title='bbox 725 2507 1042 2551; x_wconf 70' lang='lat' dir='ltr'>Burgcrmeisterei</span> <span class='ocrx_word' id='word_1_243' title='bbox 1060 2508 1261 2544; x_wconf 85' lang='lat' dir='ltr'>Hiilchrath</span> <span class='ocrx_word' id='word_1_244' title='bbox 1287 2509 1421 2543; x_wconf 85' lang='lat' dir='ltr'>unweit</span> <span class='ocrx_word' id='word_1_245' title='bbox 1445 2508 1581 2550; x_wconf 79' lang='lat' dir='ltr'>Neuss3</span> 
     </span>
     <span class='ocr_line' id='line_1_37' title="bbox 33 2565 1582 2612; baseline 0.002 -13"><span class='ocrx_word' id='word_1_246' title='bbox 33 2565 247 2600; x_wconf 88' lang='lat' dir='ltr'>urkundlich</span> <span class='ocrx_word' id='word_1_247' title='bbox 272 2565 359 2601; x_wconf 88' lang='lat' dir='ltr'>wird</span> <span class='ocrx_word' id='word_1_248' title='bbox 377 2566 511 2601; x_wconf 85' lang='lat' dir='ltr'>Uuelde</span> <span class='ocrx_word' id='word_1_249' title='bbox 529 2569 602 2602; x_wconf 87' lang='lat' dir='ltr'>erst</span> <span class='ocrx_word' id='word_1_250' title='bbox 621 2567 708 2602; x_wconf 80' lang='lat' dir='ltr'>nach</span> <span class='ocrx_word' id='word_1_251' title='bbox 727 2566 805 2601; x_wconf 86' lang='lat' dir='ltr'>dem</span> <span class='ocrx_word' id='word_1_252' title='bbox 824 2566 918 2602; x_wconf 87' lang='lat' dir='ltr'>Tode</span> <span class='ocrx_word' id='word_1_253' title='bbox 942 2567 1115 2611; x_wconf 85' lang='lat' dir='ltr'>Liudgers</span> <span class='ocrx_word' id='word_1_254' title='bbox 1133 2570 1304 2611; x_wconf 79' lang='lat' dir='ltr'>genannt,</span> <span class='ocrx_word' id='word_1_255' title='bbox 1331 2569 1399 2603; x_wconf 83' lang='lat'>817</span> <span class='ocrx_word' id='word_1_256' title='bbox 1417 2568 1519 2612; x_wconf 87' lang='lat' dir='ltr'>April</span> <span class='ocrx_word' id='word_1_257' title='bbox 1538 2569 1582 2602; x_wconf 85' lang='lat'>13</span> 
     </span>
     <span class='ocr_line' id='line_1_38' title="bbox 34 2624 1582 2672; baseline 0.002 -13"><span class='ocrx_word' id='word_1_258' title='bbox 34 2624 107 2659; x_wconf 90' lang='lat' dir='ltr'>und</span> <span class='ocrx_word' id='word_1_259' title='bbox 132 2625 201 2659; x_wconf 89' lang='grc'>818</span> <span class='ocrx_word' id='word_1_260' title='bbox 226 2624 311 2660; x_wconf 86' lang='lat' dir='ltr'>Juni</span> <span class='ocrx_word' id='word_1_261' title='bbox 338 2626 382 2661; x_wconf 88' lang='grc'>25</span> <span class='ocrx_word' id='word_1_262' title='bbox 420 2626 514 2671; x_wconf 88' lang='lat' dir='ltr'>(Lac.</span> <span class='ocrx_word' id='word_1_263' title='bbox 541 2627 569 2661; x_wconf 92' lang='lat' dir='ltr'>I.</span> <span class='ocrx_word' id='word_1_264' title='bbox 596 2627 641 2661; x_wconf 81' lang='lat'>34</span> <span class='ocrx_word' id='word_1_265' title='bbox 666 2625 738 2660; x_wconf 92' lang='lat' dir='ltr'>und</span> <span class='ocrx_word' id='word_1_266' title='bbox 764 2627 831 2668; x_wconf 76' lang='lat'>36;</span> <span class='ocrx_word' id='word_1_267' title='bbox 868 2626 951 2663; x_wconf 88' lang='lat' dir='ltr'>Erh.</span> <span class='ocrx_word' id='word_1_268' title='bbox 979 2627 1066 2671; x_wconf 80' lang='lat' dir='ltr'>Reg.</span> <span class='ocrx_word' id='word_1_269' title='bbox 1092 2628 1159 2662; x_wconf 83' lang='grc'>297</span> <span class='ocrx_word' id='word_1_270' title='bbox 1186 2639 1219 2662; x_wconf 88' lang='grc'>11.</span> <span class='ocrx_word' id='word_1_271' title='bbox 1247 2628 1350 2672; x_wconf 79' lang='grc'><strong>299);</strong></span> <span class='ocrx_word' id='word_1_272' title='bbox 1388 2626 1490 2662; x_wconf 89' lang='lat' dir='ltr'>beide</span> <span class='ocrx_word' id='word_1_273' title='bbox 1516 2627 1582 2662; x_wconf 84' lang='lat' dir='ltr'>Ur-</span> 
     </span>
     <span class='ocr_line' id='line_1_39' title="bbox 34 2682 1581 2728; baseline 0.002 -11"><span class='ocrx_word' id='word_1_274' title='bbox 34 2682 176 2718; x_wconf 78' lang='lat' dir='ltr'>kunden</span> <span class='ocrx_word' id='word_1_275' title='bbox 213 2683 293 2719; x_wconf 89' lang='lat' dir='ltr'>sind</span> <span class='ocrx_word' id='word_1_276' title='bbox 328 2685 540 2728; x_wconf 76' lang='lat' dir='ltr'>ausgestellt</span> <span class='ocrx_word' id='word_1_277' title='bbox 581 2685 644 2727; x_wconf 81' lang='lat' dir='ltr'>„ad</span> <span class='ocrx_word' id='word_1_278' title='bbox 683 2690 854 2721; x_wconf 80' lang='lat' dir='ltr'>crucem“.</span> <span class='ocrx_word' id='word_1_279' title='bbox 905 2686 974 2720; x_wconf 89' lang='lat' dir='ltr'>Der</span> <span class='ocrx_word' id='word_1_280' title='bbox 1015 2685 1258 2728; x_wconf 85' lang='lat' dir='ltr'>„Welderh0s“</span> <span class='ocrx_word' id='word_1_281' title='bbox 1300 2697 1370 2721; x_wconf 86' lang='lat' dir='ltr'>war</span> <span class='ocrx_word' id='word_1_282' title='bbox 1408 2686 1495 2721; x_wconf 81' lang='lat' dir='ltr'>noch</span> <span class='ocrx_word' id='word_1_283' title='bbox 1533 2686 1581 2720; x_wconf 90' lang='lat' dir='ltr'>im</span> 
     </span>
     <span class='ocr_line' id='line_1_40' title="bbox 37 2743 1582 2790; baseline 0.001 -13"><span class='ocrx_word' id='word_1_284' title='bbox 37 2743 92 2777; x_wconf 80' lang='lat'>15.</span> <span class='ocrx_word' id='word_1_285' title='bbox 117 2743 241 2778; x_wconf 77' lang='lat' dir='ltr'>Jahrh.</span> <span class='ocrx_word' id='word_1_286' title='bbox 267 2743 345 2778; x_wconf 89' lang='lat' dir='ltr'>dem</span> <span class='ocrx_word' id='word_1_287' title='bbox 371 2744 514 2779; x_wconf 81' lang='lat' dir='ltr'>Kloster</span> <span class='ocrx_word' id='word_1_288' title='bbox 550 2745 800 2790; x_wconf 82' lang='lat' dir='ltr'>zinspflichtig.</span> <span class='ocrx_word' id='word_1_289' title='bbox 850 2745 917 2779; x_wconf 88' lang='lat' dir='ltr'>Die</span> <span class='ocrx_word' id='word_1_290' title='bbox 944 2745 1040 2780; x_wconf 79' lang='lat' dir='ltr'>vitae</span> <span class='ocrx_word' id='word_1_291' title='bbox 1066 2745 1115 2781; x_wconf 93' lang='lat' dir='ltr'>II.</span> <span class='ocrx_word' id='word_1_292' title='bbox 1148 2745 1219 2780; x_wconf 86' lang='lat' dir='ltr'>und</span> <span class='ocrx_word' id='word_1_293' title='bbox 1246 2746 1314 2780; x_wconf 93' lang='lat' dir='ltr'>III.</span> <span class='ocrx_word' id='word_1_294' title='bbox 1342 2745 1364 2780; x_wconf 91' lang='grc'>1.</span> <span class='ocrx_word' id='word_1_295' title='bbox 1393 2756 1420 2780; x_wconf 82' lang='grc'>6.</span> <span class='ocrx_word' id='word_1_296' title='bbox 1446 2744 1582 2779; x_wconf 87' lang='lat' dir='ltr'>berich-</span> 
     </span>
     <span class='ocr_line' id='line_1_41' title="bbox 36 2801 1584 2849; baseline 0.001 -13"><span class='ocrx_word' id='word_1_297' title='bbox 36 2803 109 2843; x_wconf 89' lang='lat' dir='ltr'>ten,</span> <span class='ocrx_word' id='word_1_298' title='bbox 135 2801 191 2836; x_wconf 89' lang='lat' dir='ltr'>die</span> <span class='ocrx_word' id='word_1_299' title='bbox 217 2802 339 2838; x_wconf 85' lang='lat' dir='ltr'>Vision</span> <span class='ocrx_word' id='word_1_300' title='bbox 366 2803 456 2839; x_wconf 85' lang='lat' dir='ltr'>habe</span> <span class='ocrx_word' id='word_1_301' title='bbox 483 2804 555 2838; x_wconf 85' lang='lat' dir='ltr'>sich</span> <span class='ocrx_word' id='word_1_302' title='bbox 582 2815 626 2839; x_wconf 85' lang='lat' dir='ltr'>an</span> <span class='ocrx_word' id='word_1_303' title='bbox 653 2803 731 2839; x_wconf 89' lang='lat' dir='ltr'>dem</span> <span class='ocrx_word' id='word_1_304' title='bbox 757 2804 800 2839; x_wconf 87' lang='lat' dir='ltr'>ad</span> <span class='ocrx_word' id='word_1_305' title='bbox 826 2815 943 2839; x_wconf 86' lang='lat' dir='ltr'>cruces</span> <span class='ocrx_word' id='word_1_306' title='bbox 961 2806 1168 2849; x_wconf 81' lang='lat' dir='ltr'>genannten</span> <span class='ocrx_word' id='word_1_307' title='bbox 1195 2803 1280 2840; x_wconf 86' lang='lat' dir='ltr'>Orte</span> <span class='ocrx_word' id='word_1_308' title='bbox 1306 2805 1488 2849; x_wconf 85' lang='lat' dir='ltr'>ereignet;</span> <span class='ocrx_word' id='word_1_309' title='bbox 1506 2804 1584 2843; x_wconf 83' lang='lat' dir='ltr'>hier</span> 
     </span>
     <span class='ocr_line' id='line_1_42' title="bbox 37 2860 1241 2909; baseline 0.004 -14"><span class='ocrx_word' id='word_1_310' title='bbox 37 2860 124 2896; x_wconf 85' lang='lat' dir='ltr'>wird</span> <span class='ocrx_word' id='word_1_311' title='bbox 149 2861 252 2896; x_wconf 87' lang='lat' dir='ltr'>Wehl</span> <span class='ocrx_word' id='word_1_312' title='bbox 276 2864 345 2898; x_wconf 86' lang='lat' dir='ltr'>mit</span> <span class='ocrx_word' id='word_1_313' title='bbox 370 2862 501 2899; x_wconf 86' lang='lat' dir='ltr'>diesem</span> <span class='ocrx_word' id='word_1_314' title='bbox 527 2863 612 2899; x_wconf 86' lang='lat' dir='ltr'>Orte</span> <span class='ocrx_word' id='word_1_315' title='bbox 638 2864 850 2900; x_wconf 85' lang='lat' dir='ltr'>identificirt</span> <span class='ocrx_word' id='word_1_316' title='bbox 883 2864 969 2909; x_wconf 85' lang='lat' dir='ltr'>(vgl.</span> <span class='ocrx_word' id='word_1_317' title='bbox 995 2863 1030 2898; x_wconf 87' lang='lat' dir='ltr'>S.</span> <span class='ocrx_word' id='word_1_318' title='bbox 1057 2864 1102 2899; x_wconf 87' lang='lat'>74</span> <span class='ocrx_word' id='word_1_319' title='bbox 1127 2863 1168 2899; x_wconf 91' lang='lat' dir='ltr'>A.</span> <span class='ocrx_word' id='word_1_320' title='bbox 1194 2864 1241 2909; x_wconf 91' lang='grc'><strong>2).</strong></span> 
     </span>
    </p>

    <p class='ocr_par' dir='ltr' id='par_1_13' title="bbox 177 2921 1082 2972">
     <span class='ocr_line' id='line_1_43' title="bbox 177 2921 1082 2972; baseline 0.002 -15"><span class='ocrx_word' id='word_1_321' title='bbox 177 2921 215 2968; x_wconf 86' lang='grc'>4)</span> <span class='ocrx_word' id='word_1_322' title='bbox 240 2921 322 2966; x_wconf 86' lang='lat' dir='ltr'>Vgl.</span> <span class='ocrx_word' id='word_1_323' title='bbox 349 2921 411 2958; x_wconf 81' lang='lat' dir='ltr'>das</span> <span class='ocrx_word' id='word_1_324' title='bbox 435 2922 606 2969; x_wconf 85' lang='lat' dir='ltr'>Privileg.</span> <span class='ocrx_word' id='word_1_325' title='bbox 635 2944 678 2949; x_wconf 93' lang='lat'>—</span> <span class='ocrx_word' id='word_1_326' title='bbox 704 2924 739 2972; x_wconf 82' lang='lat'>5)</span> <span class='ocrx_word' id='word_1_327' title='bbox 765 2924 852 2960; x_wconf 88' lang='lat' dir='ltr'>Vita</span> <span class='ocrx_word' id='word_1_328' title='bbox 876 2923 945 2960; x_wconf 87' lang='grc' dir='ltr'><strong>ΙΙΙ.</strong></span> <span class='ocrx_word' id='word_1_329' title='bbox 971 2933 1000 2961; x_wconf 82' lang='lat' dir='ltr'>e.</span> <span class='ocrx_word' id='word_1_330' title='bbox 1026 2923 1082 2960; x_wconf 86' lang='grc'><strong>26.</strong></span> 
     </span>
    </p>
   </div>
  </div>
 </body>
</html>
