1864 3213
210 146 280 195 26
623 143 799 186 Altfridi
831 143 916 185 vita
949 155 979 184 s.
1013 141 1210 196 Liudgeri
1240 141 1312 182 lib.
1345 141 1377 184 I.

219 261 402 317 diritgaa
420 263 435 286 1
466 263 506 304 et
537 275 661 303 unam
687 261 877 311 insulam,
906 272 1007 313 quae
1037 258 1189 301 dicitur
1220 259 1354 300 Bantb
1374 259 1400 301 ².
1433 259 1526 313 Ipse
1557 272 1651 302 vero
1683 271 1782 302 cura

218 333 376 375 sollerti
407 332 613 374 doctrinae
644 331 810 373 Domini
846 331 966 385 gregi
997 330 1074 372 sibi
1106 330 1283 372 creditoc
1327 329 1480 371 fluenta
1512 329 1671 372 studuit
1700 330 1782 371 mi·-

217 403 393 445 nistrare
407 403 437 454 1¹,
469 403 564 445 fana
599 402 803 444 destruere
834 402 876 443 et
905 409 1069 443 omnese
1102 400 1273 443 errorisf
1301 401 1465 454 pristini
1498 401 1664 444 abluere
1695 414 1780 443 sor-

219 474 301 516 des.
335 473 534 515 (Iuravit-⁹*
567 485 722 526 quoque
753 471 926 513 ulterius
959 471 1166 513 doetrinae
1199 471 1382 514 derivare
1403 471 1574 514 fiumina
1604 473 1658 523 et,
1687 484 1781 514 eon-

217 544 307 587 silio
339 545 390 586 ab
423 545 667 598 imperatore
699 544 875 596 accepto,
916 543 1201 584 transfretavit
1232 542 1274 583 in
1322 542 1525 585 confini04
1557 543 1779 585 Fresonum

217 617 374 669 atque-³³
405 616 638 657 Denorumg
669 614 723 656 ad
755 613 957 668 quandam
1003 613 1194 663 insulam,
1244 614 1406 667 quaehss
1451 627 1474 655 a
1520 613 1682 656 nomine
1713 613 1780 655 dei

217 686 279 728 sui
310 686 407 728 falsi
438 686 600 728 Fosetei
632 685 953 728 Foseteslandk⁷
987 686 1048 727 est
1064 685 1281 738 appellata.
1317 684 1390 727 Cui
1423 698 1515 726 eum
1546 684 1780 739 navigando

216 757 609 811 adpropinquasseffl,
656 758 798 799 tenens
830 756 873 797 in
904 769 1027 798 manu
1074 769 1146 797 sua
1193 769 1354 799 erucem
1401 758 1442 797 et
1472 755 1526 797 ad
1556 755 1778 798 Dominum

215 841 352 881 preces
384 841 475 870 eum
521 828 711 871 laudibus
742 826 929 877 fundens,
962 826 1153 868 viderunt
1185 827 1253 880 qui
1284 827 1326 868 in
1358 839 1406 868 ea
1437 826 1530 868 navi
1559 828 1675 868 erant
1708 839 1781 868 oa-

215 898 387 953 liginem
419 900 674 941 tenebrosam
708 898 757 939 de
803 896 945 939 eadem
992 897 1163 938 insulaln
1209 897 1500 951 egredientem,
1548 910 1626 951 qua
1668 909 1796 950 rece<

216 970 336 1011 dente
367 983 519 1025 magna
550 970 592 1011 in
624 982 670 1011 ea
710 968 922 1022 perstitit¹¹
954 969 1189 1010 serenitas0.
1224 969 1337 1010 Tune
1369 968 1431 1010 vir
1464 969 1541 1010 Dei
1573 969 1656 1010 ait:
1691 969 1779 1019 ,Vi-

216 1041 322 1082 detis
354 1042 529 1094 qualiter
560 1053 630 1094 per
661 1039 981 1082 misericordiam
1027 1039 1103 1081 Dei
1145 1039 1346 1094 effugatus
1378 1041 1440 1081 est
1471 1040 1674 1090 inimicus,
1708 1039 1778 1093 qui

214 1112 326 1165 prins
359 1112 536 1167 caligine
552 1112 916 1165 preoccupaveratp
949 1110 1124 1152 insulam
1148 1111 1251 1152 hane
1264 1113 1295 1152 :2⁶
1330 1111 1619 1153 Pervenientes
1642 1112 1776 1152 autem

214 1183 266 1224 ad
306 1183 476 1225 eandem
517 1183 694 1225 insulam
730 1182 955 1224 destruxitq
989 1182 1168 1225 eiusdem
1201 1182 1357 1224 Fosetis
1398 1183 1506 1233 fana,
1556 1195 1658 1235 quae
1690 1182 1778 1224 illic

216 1254 377 1296 fuerant
410 1255 654 1305 constructa,
687 1255 727 1295 et
749 1267 819 1307 pro
842 1253 899 1295 eis
922 1252 1074 1294 Christi
1096 1253 1339 1295 fabricavitr
1372 1254 1620 1296 ecclesiams.
1655 1252 1777 1295 Cum-

359 1368 374 1385 a
410 1359 584 1404 Fedritga
627 1360 672 1401 S3
718 1358 931 1403 Frederitga
984 1358 1034 1400 U;
1072 1358 1312 1402 Frederithga
1356 1359 1407 1401 T;
1445 1358 1601 1403 Fedirga
1639 1358 1778 1400 Leibn;

215 1417 397 1462 Federgoa
424 1419 522 1454 Oine.
551 1439 594 1443 -—
632 1420 648 1445 b
675 1419 805 1454 Batich
843 1417 1001 1463 (Bacith)
1038 1418 1082 1452 B.
1113 1438 1155 1442 —
1193 1426 1207 1444 0
1245 1418 1381 1452 tradito
1417 1419 1545 1454 Leibn.
1583 1419 1704 1453 Perta.
1732 1438 1778 1443 —

216 1478 232 1503 d
258 1489 303 1512 m.
331 1480 377 1513 st.
409 1478 464 1513 W.
494 1499 537 1503 —
576 1486 590 1504 θ
616 1479 731 1513 omnis
757 1478 794 1513 S.
824 1498 866 1502 ——
904 1478 919 1503 f
953 1488 1086 1512 errores
1119 1477 1175 1512 W.
1217 1498 1261 1502 -
1297 1486 1314 1510 g
1350 1478 1530 1512 Danorum
1574 1477 1630 1512 W.
1667 1477 1705 1512 S.
1733 1497 1776 1502 —-

215 1536 233 1562 h
260 1537 319 1582 qui
345 1538 390 1573 L.
418 1557 461 1562 —
488 1538 496 1563 i
522 1537 629 1572 Foste
655 1538 691 1573 S.
721 1558 763 1562 ——
789 1538 806 1563 k
832 1537 1058 1571 Foseteslant
1091 1537 1157 1578 W;
1183 1536 1397 1571 Fostesland
1423 1537 1451 1571 S
1460 1547 1468 1581 ;
1496 1536 1647 1571 Glossen
1664 1538 1705 1571 in
1721 1536 1776 1570 L:

215 1596 396 1631 Danorum
434 1597 552 1632 insula
578 1597 622 1631 ab
659 1597 754 1632 idolo
794 1597 890 1631 dicta
928 1596 1167 1631 Fosetenland
1205 1597 1282 1631 mul
1313 1596 1376 1630 dat
1413 1595 1516 1630 landt
1542 1599 1579 1630 to
1606 1595 1775 1637 Borsten3

218 1655 340 1691 Glosse
365 1657 406 1691 in
431 1656 474 1691 S.-
499 1667 591 1691 nunc
617 1657 716 1691 Ilant
741 1659 798 1691 tor
834 1656 981 1690 Wosten
1008 1656 1128 1700 vulgo.
1157 1676 1200 1681 —
1238 1656 1246 1681 l
1273 1656 1616 1700 appropinquassent
1652 1655 1703 1690 W.
1732 1675 1776 1680 —

215 1723 241 1740 111
266 1716 351 1749 navi
383 1715 440 1750 W.
468 1735 511 1739 —
537 1724 555 1741 11
580 1716 744 1762 persistit
769 1717 854 1751 Bon
865 1715 888 1750 ².
917 1736 960 1740 —
988 1723 1002 1741 0
1029 1727 1055 1750 s,
1075 1726 1106 1760 p.
1140 1716 1196 1750 JV.
1226 1735 1269 1739 —
1295 1723 1312 1747 Ρ
1338 1717 1596 1759 occupaverant
1620 1726 1710 1750 corr.
1735 1716 1778 1751 in

215 1776 447 1818 occupaverat
479 1775 535 1809 W.
563 1795 606 1800 —-
644 1784 660 1808 <1
687 1775 938 1810 destruxerunt
976 1775 1095 1809 omnia
1126 1775 1185 1809 W.
1220 1794 1264 1798 —
1300 1782 1318 1816 r,
1349 1774 1616 1809 fabricaverunt
1647 1773 1704 1809 W.
1731 1793 1777 1799 —

215 1843 228 1859 s
255 1834 421 1869 ecclesiae
453 1834 511 1868 W.

357 1955 392 1996 1)
418 1953 523 1988 Diese
550 1954 634 1988 fiinf
659 1954 757 1989 Gaue
783 1954 889 1998 lagen
916 1955 953 1989 in
981 1954 1040 1989 der
1066 1955 1116 1989 im
1143 1954 1233 1989 Text
1259 1953 1514 1998 angegebenen
1540 1952 1777 1998 Reihenfolge

214 2012 344 2046 ostlich
371 2024 438 2047 von
471 2013 532 2048 der
557 2013 733 2055 Lauwers,
761 2013 818 2048 die
844 2014 919 2049 drei
947 2016 1065 2048 ersten
1092 2013 1253 2048 westlich
1282 2024 1348 2048 von
1375 2012 1436 2047 der
1462 2013 1546 2047 Ems
1570 2012 1642 2046 und
1668 2023 1773 2047 zwar:

213 2069 275 2105 der
299 2071 496 2116 Hunusgau
522 2073 684 2107 nordlich
711 2069 779 2107 v'on
805 2072 1011 2117 Griiningen
1037 2084 1095 2107 um
1123 2072 1180 2107 die
1207 2073 1339 2113 Hunse,
1374 2071 1435 2106 der
1460 2071 1606 2115 Fivilga
1631 2082 1690 2105 um
1717 2071 1775 2106 die

212 2129 326 2171 Fivel,
353 2129 414 2164 der
438 2129 585 2176 Emisga
610 2131 727 2166 ferner
753 2143 793 2166 zu
819 2131 947 2166 beiden
975 2132 1098 2166 Seiten
1123 2131 1185 2166 der
1222 2131 1493 2175 Enismiindung
1518 2131 1590 2165 und
1623 2130 1684 2165 der
1709 2130 1773 2165 Fe-

213 2187 350 2233 diritga
375 2189 534 2224 nordlich
560 2190 674 2225 davon
700 2190 774 2225 und
791 2191 921 2226 &stlich
946 2202 1013 2225 von
1041 2191 1193 2225 Dollart.
1222 2190 1280 2225 Sie
1310 2190 1447 2225 werden
1465 2201 1580 2234 genau
1598 2189 1775 2225 beschrie-

213 2247 280 2282 ben
305 2248 343 2283 in
369 2260 437 2284 von
462 2249 644 2284 Ledebur:
681 2250 750 2285 Die
787 2250 871 2284 siinf
904 2250 1176 2285 Miinstersehen
1216 2249 1313 2284 Grue
1351 2249 1424 2284 und
1462 2249 1519 2284 die
1545 2249 1665 2284 sieben
1692 2248 1774 2283 See-

212 2306 317 2342 lande
345 2307 550 2343 Frieslands
577 2309 612 2343 S.
640 2310 766 2344 ἰ’-44.

354 2367 390 2411 2)
416 2367 522 2401 Diese
545 2367 639 2412 jetzt
666 2367 961 2403 versehwundene
987 2368 1082 2403 Insel
1108 2368 1168 2412 lag
1187 2368 1436 2403 nordwestlich
1466 2378 1545 2402 vom
1571 2366 1774 2411 Fediritga,

212 2424 352 2460 siidlich
379 2436 444 2460 von
473 2425 534 2460 der
560 2427 656 2461 Insel
683 2427 791 2462 Juist.

353 2485 388 2529 3)
426 2484 577 2520 Curavit
604 2507 646 2511 ——
673 2487 821 2522 flumina
847 2487 920 2531 vgl.
947 2486 1096 2522 Alcuins
1122 2488 1200 2522 vita
1227 2499 1253 2522 s.
1281 2486 1505 2521 willibrordi
1531 2497 1557 2521 c.
1586 2487 1607 2521 9
1646 2485 1773 2529 (Jaffez

210 2542 305 2577 Bibl.
332 2543 392 2578 VI.
419 2544 491 2589 47).

353 2603 390 2647 4)
416 2603 459 2637 In
485 2604 636 2638 confinio
664 2624 707 2629 —-
734 2605 902 2650 appelata
927 2616 989 2640 aus
1016 2605 1078 2640 der
1103 2606 1181 2640 vita
1207 2618 1233 2641 s.
1260 2604 1416 2641 Willibr.
1443 2616 1470 2639 c.
1499 2605 1542 2639 10
1568 2604 1606 2648 (l.
1633 2605 1689 2649 c.).

353 2662 388 2706 ὃ)
414 2662 543 2697 Alcuin
569 2663 635 2697 hat
661 2665 707 2698 et.

353 2721 387 2765 6)
413 2731 433 2755 a
460 2721 610 2766 quodam
637 2721 700 2756 deo
726 2733 789 2757 suo
815 2722 938 2757 Fosite
963 2722 1008 2757 ab
1033 2723 1161 2758 accolis
1199 2726 1314 2758 terrae
1352 2721 1578 2758 Fositesland
1615 2721 1773 2766 appella-

209 2776 328 2821 batur,
358 2779 497 2815 Alcuin.

354 2839 388 2882 7)
414 2838 531 2873 Heute
570 2839 785 2883 Helgoland.
822 2840 950 2875 Fosete
988 2851 1061 2875 war
1099 2840 1159 2875 der
1198 2841 1293 2875 Sohn
1330 2839 1477 2875 Balders
1508 2838 1580 2874 und
1605 2839 1769 2881 Nannas3

210 2907 237 2930 s.
265 2896 352 2931 iiber
376 2897 438 2931 ihn
464 2897 496 2932 J.
526 2896 681 2933 Grimm:
709 2898 877 2934 deutsche
902 2899 1127 2944 Mythologie
1152 2900 1186 2934 S.
1214 2901 1282 2935 ‘210
1308 2900 1333 2935 f.
