1864 3213
468 148 645 191 Altfridi
676 149 762 191 vita
794 161 825 191 s.
860 148 1057 204 Liudgeri
1087 148 1160 191 lib.
1193 148 1224 190 Ι.
1572 150 1625 192 19

67 267 224 318 flueret,
259 266 453 318 Saxones,
496 266 566 321 qui
598 278 642 308 eo
679 266 859 320 tempore
891 266 1063 321 paganis
1094 266 1360 308 fuscabantur
1390 265 1551 318 ritibus,
1583 267 1627 309 in

68 338 246 380 furorem
293 337 474 380 conversi
520 337 689 379 collecto
735 337 913 379 exercitu
955 337 1238 392 effugaverunt
1284 336 1533 380 Christianos
1573 338 1625 380 ab

67 408 154 450 illis
186 409 284 450 locis
317 409 357 451 et
403 408 640 450 aecclesiam
687 408 995 451 combusserunt
1026 408 1127 463 igni.
1192 409 1306 451 Tunc
1337 408 1400 458 vir
1432 408 1627 451 Dominia

67 479 291 521 Liafwinus
322 492 505 521 reversus
538 479 589 520 ad
620 478 809 521 abbatem
853 478 1093 533 Gregorium
1135 479 1458 533 praestolabatur
1489 492 1626 522 conso-

66 550 262 592 lationem
283 562 306 591 a
328 549 513 591 Domino.
548 549 695 592 Sedato
715 550 845 605 igitur
867 550 1046 592 tumultu
1076 550 1325 604 reversisque
1356 551 1625 605 praedonibus

65 621 111 663 in
143 634 227 671 sua,
262 621 323 664 vir
354 621 430 663 Dei
457 620 707 663 Liafwinusb
740 620 1015 663 reaedificavit
1064 621 1316 673 aecclesiam,
1348 634 1449 675 quae
1491 622 1625 664 fuerat

67 692 290 743 combusta,
323 692 364 734 et
394 704 503 734 more
535 691 653 734 solito
691 704 770 734 non
802 692 988 734 cessabat
1021 692 1260 734 documenta
1293 693 1436 735 salutis
1467 693 1625 746 impen-

67 763 161 806 dere
183 763 313 818 gregi,
351 763 606 817 quoadusque
627 762 780 817 pastori
802 776 958 805 summo
976 763 1169 806 dilectam
1190 763 1377 806 redderet
1398 764 1578 806 animam
1595 765 1622 816 ¹,

65 835 108 877 et
141 834 380 876 defunctusC
412 834 626 876 in'eadem
660 834 721 876 est
754 834 951 876 ecclesia<1
983 834 1176 888 sepultus.

213 906 307 946 150.
340 905 439 946 Post
470 905 609 947 illiusf
636 904 791 947 obitum
824 904 972 947 iterum
1004 906 1121 959 impii
1153 905 1326 948 Saxones
1358 906 1622 949 vastaverunt

65 975 198 1018 locum
228 963 348 1017 illum
395 976 436 1018 et
480 975 773 1017 succenderunt
818 975 1030 1018 ecclesiam
1063 988 1281 1030 corpusque
1314 976 1398 1018 eius
1437 989 1507 1029 per
1541 977 1625 1019 tres

66 1047 152 1089 dies
186 1047 440 1100 quaesierunt
471 1059 544 1089 nec
571 1039 757 1103 ⁴invenire
788 1047 1018 1100 potuerunt.
1066 1047 1144 1089 Sed
1176 1047 1217 1089 et
1247 1047 1371 1089 abbas
1406 1046 1625 1102 Gregorius

65 1117 262 1173 migravit
292 1117 344 1160 ad
375 1117 595 1160 Dominum
613 1118 640 1169 2,
683 1118 724 1159 et
761 1117 939 1171 suscepit
978 1130 1117 1160 curam
1159 1117 1403 1172 pastoralem
1434 1117 1626 1160 Albricus

65 1201 188 1243 nepos
220 1189 318 1231 eius.
382 1188 462 1241 Qui
503 1188 775 1231 venerabilem
809 1188 1088 1243 Liudgerumg
1119 1202 1211 1231 cum
1242 1201 1392 1243 magno
1424 1189 1626 1244 diligebat

64 1260 214 1303 affectu
244 1260 363 1314 atque
409 1272 500 1302 eum
547 1260 606 1301 ita
651 1259 852 1302 allocutus
900 1261 961 1302 est
993 1259 1150 1304 dicens:
1199 1260 1331 1312 ,Nunc
1373 1260 1467 1314 quia
1498 1260 1625 1302 frater

208 1397 224 1415 ἃ
249 1389 305 1425 dei
337 1389 394 1425 W.
421 1409 464 1414 —
489 1390 506 1415 b
531 1390 557 1433 f.
591 1389 649 1425 W.
687 1409 731 1414 —
768 1397 783 1416 0
808 1389 845 1424 in
871 1388 963 1424 bona
997 1388 1215 1424 confessione
1253 1389 1291 1424 in
1329 1389 1451 1424 eadem
1477 1389 1559 1425 eccl.
1586 1389 1624 1424 in

22 1474 25 1478 -
62 1460 134 1495 qua
160 1448 346 1485 defunctus
372 1451 427 1484 est
445 1451 499 1483 est
525 1451 593 1493 sep'.
613 1448 664 1483 H.
692 1467 736 1473 —-
762 1448 780 1474 d
805 1448 887 1484 eccl.
915 1451 970 1483 est
992 1449 1050 1483 W.
1078 1468 1120 1473 -
1147 1456 1162 1474 e
1188 1449 1245 1484 die
1278 1450 1348 1484 alte
1383 1449 1626 1493 Ueberschrift

63 1509 185 1544 radirt
208 1508 262 1549 L;
287 1508 369 1544 kein
397 1507 682 1554 Capitelanfany
707 1508 808 1549 Bozz;
835 1508 864 1543 Ι.
891 1519 924 1543 α.
951 1508 997 1543 R.
1016 1508 1062 1542 L.
1090 1527 1133 1532 —
1159 1507 1174 1533 f
1195 1519 1286 1543 corr.
1310 1509 1353 1543 in
1383 1508 1499 1543 sancti
1525 1507 1623 1542 Liaf-

63 1567 165 1602 uuini
191 1567 244 1609 L;
271 1566 388 1602 sancti
412 1565 598 1602 Liafuuini
630 1566 694 1608 W;
720 1565 775 1601 ob.
803 1578 828 1601 3.
856 1567 896 1601 L.
922 1566 960 1602 S.
987 1585 1031 1592 —-
1057 1574 1075 1600 g
1099 1566 1209 1611 Lutg.
1243 1566 1300 1602 W.

206 1722 243 1765 1)
268 1721 317 1756 Er
341 1721 440 1756 starb
467 1722 547 1763 773,
584 1721 675 1756 nach
708 1720 853 1763 andern,
898 1720 982 1756 aber
1021 1720 1384 1763 unwahrscheinlich,
1429 1722 1508 1762 775,
1550 1721 1622 1756 No-

62 1779 207 1815 vember
233 1781 289 1815 12.
343 1804 349 1811 .

211 1840 247 1885 2)
274 1838 410 1884 Gregor
436 1839 535 1874 starb
574 1840 642 1874 775
667 1839 760 1884 Aug.
787 1840 852 1882 25;
892 1840 979 1875 iiber
1003 1839 1207 1875 Krankheit
1235 1839 1308 1874 und
1338 1839 1411 1874 Tod
1438 1839 1622 1875 desselben

63 1898 138 1942 vgl.
164 1897 340 1942 Liudgers
366 1898 445 1933 vita
472 1898 636 1943 Gregorii
667 1909 745 1944 cap.
784 1900 934 1934 20—22.
962 1899 1046 1944 Cap.
1071 1900 1134 1934 20:
1163 1926 1170 1933 .
1199 1927 1205 1933 .
1234 1898 1362 1934 Tribus
1399 1899 1502 1934 annis
1538 1902 1621 1935 ante

60 1957 200 1993 obitum
226 1969 328 1993 suum
354 1960 515 2004 arreptus
553 1961 608 1993 est
642 1959 706 1993 illa
743 1958 957 1994 infirmitate
984 1958 1163 2002 (molestia
1189 1958 1376 2003 corporali)
1410 1959 1448 1993 in
1475 1958 1621 1993 sinistro

61 2017 188 2059 latere,
215 2028 320 2062 quam
345 2017 528 2063 paralysin
553 2017 681 2053 medici
708 2021 855 2059 vocant3
882 2017 943 2053 sed
969 2019 1047 2052 erat
1070 2017 1221 2061 languor
1245 2017 1343 2059 talis,
1369 2019 1410 2052 ut
1436 2018 1473 2051 in
1497 2018 1621 2062 primis

61 2076 245 2111 ambulare
270 2078 389 2121 posset
426 2077 483 2112 vel
519 2088 627 2112 manu
653 2077 778 2112 deduci
817 2077 862 2112 ad
898 2077 1094 2122 profectum
1131 2077 1310 2121 proprium
1336 2077 1373 2110 et
1399 2076 1621 2111 subditorum

61 2146 203 2171 suorum
229 2137 266 2171 et
290 2136 400 2181 loqui,
428 2147 517 2182 quae
545 2136 589 2172 ad
615 2132 900 2172 aedificationem
936 2136 1177 2181 pertinebant.
1217 2135 1316 2178 Quod
1352 2136 1478 2181 utique
1515 2147 1620 2180 agere

63 2205 132 2229 non
159 2196 214 2229 est
239 2194 382 2236 oblitus,
410 2194 481 2237 sed,
508 2196 601 2230 sicut
625 2206 760 2240 semper
785 2195 939 2237 solebat,
966 2195 1105 2230 tradere
1131 2205 1201 2229 non
1227 2194 1372 2229 destitit
1397 2195 1620 2230 auditoribus

62 2254 136 2288 suis
162 2253 270 2288 libros
297 2253 439 2289 divinae
476 2255 567 2299 legis
605 2258 643 2290 et
668 2256 805 2290 monita
831 2255 960 2289 salutis
986 2256 1163 2289 aeternae.
1190 2254 1282 2289 Nam
1309 2256 1345 2289 et
1371 2254 1620 2299 condiscipulis

61 2312 336 2358 melioribusque
362 2314 450 2348 meis
476 2315 512 2348 in
545 2314 666 2350 eadem
703 2315 871 2349 molestia
899 2314 1017 2358 plures
1047 2313 1202 2348 tradidit
1237 2313 1347 2348 libros
1372 2316 1409 2348 et
1433 2314 1523 2348 mihi
1547 2324 1620 2348 rno-

62 2371 141 2407 dico
167 2371 357 2416 Lffldgero,
392 2371 523 2407 librum
549 2386 575 2409 s.
602 2374 798 2418 Augustini
825 2372 989 2415 tradidit,
1017 2384 1120 2418 quem
1147 2372 1379 2414 enchiridion,
1406 2372 1443 2407 id
1469 2375 1523 2407 est
1547 2384 1620 2407 ma-

63 2431 182 2474 nuale,
209 2432 282 2475 ipse
308 2433 539 2476 nuncupavit.
567 2452 610 2456 —
637 2432 721 2477 Cap.
748 2434 812 2467 21:
841 2462 848 2469 .
876 2459 883 2466 .
912 2460 918 2467 .
946 2433 1137 2476 coeperunt
1150 2432 1315 2476 conqueri
1341 2434 1378 2466 et
1403 2432 1619 2473 contristari,

62 2491 125 2536 qui
149 2490 282 2525 ibidem
308 2490 498 2525 adfuerunt
522 2492 707 2537 utriusque
733 2503 833 2526 sexus
871 2481 1059 2525 necessarii
1085 2491 1200 2530 amici,
1239 2493 1312 2525 tam
1352 2490 1394 2525 de
1420 2491 1493 2525 eius
1519 2493 1618 2525 tran·

61 2550 136 2584 situ
162 2549 269 2584 citius
294 2550 505 2584 imminente
544 2561 647 2595 quam
685 2550 727 2584 de
754 2550 956 2585 tardatione
988 2549 1093 2584 electi
1118 2549 1186 2583 filii
1211 2549 1286 2583 eius
1311 2549 1457 2591 Albrici,
1484 2550 1521 2584 in
1548 2560 1617 2595 qua

60 2609 176 2643 totius
202 2608 324 2643 domus
352 2608 399 2653 [d.
425 2609 459 2644 h.
487 2608 548 2643 der
572 2609 753 2644 utrechter
793 2608 1069 2651 Klosterschule]
1097 2619 1174 2652 spes
1199 2619 1330 2652 magna
1355 2608 1528 2649 incubuit,
1557 2609 1617 2653 qui

62 2669 147 2702 tunc
173 2669 342 2712 temporis
367 2669 404 2702 in
430 2668 541 2703 Italia
580 2671 657 2704 erat
693 2669 806 2713 regali
833 2669 980 2703 servitio
1019 2669 1206 2711 occupatus
1243 2670 1281 2702 et
1318 2669 1453 2702 nemini
1480 2670 1615 2711 notum,

62 2726 202 2772 quando
229 2729 321 2762 esset
347 2729 517 2762 venturus
567 2728 661 2763 Haec
699 2728 845 2763 audiens
872 2755 879 2763 .
907 2755 914 2762 .
942 2726 1134 2771 Gregorius
1161 2753 1168 2761 .
1197 2755 1203 2761 .
1233 2727 1356 2768 ‚nolite
1382 2728 1518 2767 timere,
1546 2738 1615 2761 non

63 2785 247 2827 transibo‘,
274 2786 404 2831 inquit,
432 2788 634 2831 ,antequam
671 2788 745 2832 ipse
783 2787 928 2821 veniat‘.
957 2815 963 2821 .
993 2813 1000 2820 .
1029 2814 1035 2820 .
1065 2784 1196 2819 Triduo
1234 2786 1290 2820 vel
1317 2785 1506 2831 quatriduo
1532 2787 1615 2820 aute

62 2844 253 2881 transitum
280 2845 354 2879 eius
394 2846 494 2880 venit
531 2845 592 2881 diu
630 2848 774 2891 optatus
812 2848 848 2880 et
885 2846 1019 2880 electus
1056 2845 1151 2879 filius
1190 2845 1263 2879 eius
1301 2844 1464 2879 Albricus
1501 2844 1616 2889 inopi-

62 2905 159 2941 nate.
187 2930 195 2938 .
224 2932 230 2939 .
258 2932 265 2939 .

1275 2963 1332 3005 2*

1656 905 1752 949 774.

1659 1048 1761 1092 775.
