1864 3213
258 160 342 202 152
655 158 752 201 Vita
783 158 931 213 rythm.
972 171 1003 199 s.
1037 156 1229 212 Liudgeri
1266 156 1335 201 let.
1367 157 1400 199 I.

465 276 639 311 Bonorum
665 275 822 310 omnium
847 275 1056 310 sectatorem
1083 274 1249 319 populum

535 337 630 370 certe
655 335 765 370 Jhesu
790 333 932 369 Christo
958 333 1090 368 fecerat
1113 333 1298 377 magistro,

465 394 513 429 Et
538 395 588 428 sic
613 405 690 428 cum
715 392 846 438 gaudio
876 394 1136 427 consummatus
1161 392 1311 427 Domino

307 446 405 485 ὧδ’).
539 452 706 488 mundum
733 452 843 498 liquit
868 452 990 493 istum,
1017 451 1140 486 abiens
1165 451 1209 485 ad
1235 451 1427 496 Christum,

467 512 574 548 Cuius
600 511 840 557 corpusculum
865 511 1045 545 Daventre
1071 512 1126 545 est
1151 509 1342 551 conditum,

537 570 599 606 ubi
624 572 734 606 claret
759 570 899 615 magnis
924 570 1131 604 meritorum
1157 569 1283 614 signis,

377 633 430 666 12.
469 629 549 665 Sed
574 632 620 665 et
645 630 898 674 Gregorius
932 629 1066 664 sanctis
1091 628 1227 663 clarens
1252 629 1408 664 moribus

539 689 662 734 plenus
688 691 725 724 et
750 691 847 724 etate
872 688 965 724 obiit
990 689 1027 723 in
1053 699 1147 734 pace,

308 752 406 794 580.
468 761 496 795 P
512 771 531 795 o
545 772 560 795 s
574 762 590 795 t
616 762 782 803 [IUOI'Um
798 751 810 774 ¹
844 771 863 795 ο
874 760 1015 795 bitum
1042 761 1272 795 ructaverunt
1296 759 1460 795 iterum

541 820 553 854 i
567 831 600 854 ιιι
614 831 635 864 p
649 819 662 854 ι
676 819 689 854 ι
716 819 737 854 S
752 830 772 854 a
783 831 802 854 x
813 831 831 853 0
847 831 869 854 n
880 830 897 854 e
911 831 926 853 s
952 819 989 853 in
1016 821 1151 853 veteres
1178 830 1320 860 errores,

470 879 612 916 Christo
637 878 855 914 reconditam
880 879 1039 913 dolentes
1065 890 1085 913 a
1095 890 1113 914 e
1124 889 1139 913 c
1151 889 1168 912 c
1178 878 1217 913 le
1230 878 1299 912 sia
1310 889 1341 912 ιιι
1356 905 1363 915 .

541 939 819 974 Daventrensem
845 940 961 972 totum
987 937 1236 972 destruxerunt
1260 937 1301 971 lo
1314 948 1331 972 c
1345 948 1365 971 u
1380 948 1412 971 m
1427 964 1435 979 ,

473 997 638 1033 Liefwini
664 999 796 1032 temere
822 996 904 1032 dum
926 1008 970 1032 co
982 1009 998 1031 r
1008 1008 1029 1041 p
1041 1008 1063 1031 ιι
1074 1009 1088 1031 s
1114 996 1223 1031 eicere

311 1048 409 1089 590.
542 1057 687 1097 vellent,
714 1057 986 1102 quesierunt,
1014 1055 1074 1091 sed
1101 1066 1170 1090 non
1196 1056 1209 1090 i
1223 1068 1245 1090 n
1257 1067 1276 1090 v
1287 1066 1305 1090 e
1319 1067 1340 1090 ιι
1353 1058 1458 1091 erunt

472 1116 591 1161 Igitur
616 1115 778 1161 patribus
807 1115 995 1155 defunctis,
1021 1117 1062 1150 ut
1087 1114 1259 1149 fratribus

543 1177 671 1215 essent,
700 1174 760 1220 qui
786 1175 976 1219 preessent,
1004 1176 1133 1214 essent,
1159 1174 1219 1219 qui
1245 1172 1462 1218 prodessent,

473 1233 505 1268 N
521 1245 538 1268 e
551 1245 572 1278 p
587 1244 605 1268 o
619 1246 634 1268 s
661 1233 822 1278 Gregorii
849 1245 895 1268 cu
911 1244 1001 1268 ram
1027 1233 1195 1278 episcopii

545 1305 561 1328 s
575 1304 596 1327 u
610 1304 703 1338 scep
713 1293 723 1327 i
733 1296 749 1328 t
774 1292 804 1327 A
815 1293 827 1327 1
837 1292 859 1327 b
869 1304 884 1327 r
895 1292 907 1327 i
919 1303 934 1327 c
949 1304 1011 1332 us,
1050 1291 1220 1336 Liudgeri
1246 1292 1389 1334 amicus,

315 1342 412 1384 590.
476 1353 504 1395 Q
518 1363 540 1386 u
555 1353 566 1386 i
592 1352 667 1397 ipso
695 1354 851 1397 tempore
877 1363 953 1386 mox
980 1351 1129 1386 eundem
1154 1353 1273 1396 petere

546 1414 692 1446 venerat
717 1410 996 1455 Liudgerum
1023 1409 1151 1445 dicen
1165 1422 1180 1445 s
1205 1411 1256 1445 sic
1281 1410 1324 1445 ad
1351 1423 1368 1446 e
1382 1422 1403 1446 u
1417 1423 1471 1446 in:

478 1470 517 1511 ‚O
544 1470 862 1512 dilectissime,
888 1470 1015 1504 nosti
1042 1469 1125 1515 quid
1151 1470 1309 1504 insaniae

547 1530 696 1565 fecerint
720 1530 894 1564 Saxonum
920 1529 957 1563 in
983 1528 1193 1563 Lieswinum
1219 1529 1359 1571 bonurn,

477 1589 583 1623 Nosti
609 1588 692 1634 quid
718 1587 790 1623 odii
816 1588 854 1622 in
878 1598 1063 1633 pauperem
1090 1588 1235 1622 Domini

319 1639 415 1680 600-
550 1648 651 1693 impii
677 1647 861 1689 haberent,
888 1646 1058 1693 quomodo
1084 1649 1262 1688 nocerent,

479 1719 583 1754 Nosti
610 1719 804 1754 aecclesias
835 1719 910 1753 eius
927 1728 1000 1753 esse
1026 1717 1182 1758 dirutas,

550 1778 739 1822 ipsummet
764 1778 915 1813 eiectum
941 1777 979 1811 ιιι
1012 1788 1072 1822 per
1097 1777 1211 1812 Deum
1236 1779 1381 1812 tectum.

479 1837 580 1871 Nunc
603 1836 826 1872 reminiscere
851 1839 992 1872 nostrae
1017 1836 1198 1871 amiciciae

551 1898 587 1930 et
612 1897 649 1930 in
675 1907 779 1931 causa
804 1896 926 1931 fratris
952 1906 1053 1931 verae
1079 1895 1259 1930 caritatis:

320 1945 418 1988 605.
482 1954 591 1996 Vade,
617 1957 816 1990 reconstrue
845 1955 1038 1990 desolatam
1066 1955 1244 1989 Davcntre

550 2016 596 2048 et
628 2025 762 2059 super
796 2013 1007 2048 Liafwinunr
1042 2013 1148 2048 conde
1181 2013 1352 2058 templum
1384 2002 1570 2056 primum.

481 2073 651 2107 Novimus
676 2073 853 2107 hominem
880 2072 1075 2107 virtutibus
1101 2073 1266 2107 stabilem

552 2134 589 2166 et
614 2133 649 2166 in
675 2132 776 2166 bonis
802 2131 927 2167 fortem
955 2143 1063 2177 usque
1089 2131 1132 2166 ad
1158 2134 1315 2167 sanctam
1342 2135 1513 2168 nrortern‘.

483 2191 744 2236 Liudgerus
771 2192 915 2235 igitur
941 2192 1072 2236 presuli
1098 2191 1313 2236 obsequitur,

324 2241 420 2281 610.
554 2251 684 2286 vadens
710 2250 934 2293 festinanter,
961 2250 1094 2285 faciens
1119 2250 1290 2285 libenter:

415 2381 493 2414 586.
522 2380 558 2413 in
585 2381 704 2415 raclirt
724 2381 762 2415 T.
792 2401 832 2404 —
861 2381 940 2416 586.
966 2381 1014 2415 sic
1042 2382 1124 2416 iiber
1141 2380 1184 2415 ad
1213 2382 1471 2427 nachyetraqen
1490 2381 1530 2415 T.
1556 2402 1597 2406 --
1623 2382 1702 2416 601.
1728 2392 1817 2416 corr.

275 2452 341 2474 (crees
369 2439 407 2473 T.
436 2460 476 2463 —
506 2440 582 2473 602.
610 2451 700 2475 corr.
730 2441 773 2474 in
792 2440 861 2474 nisi
887 2439 950 2474 deo
980 2440 1017 2474 T.
1060 2460 1098 2464 -
1139 2441 1215 2474 603.
1243 2451 1329 2475 corr.
1367 2451 1434 2474 aas
1459 2441 1680 2475 reminiscere
1708 2440 1747 2474 T.
1783 2459 1818 2464 —·

276 2499 354 2532 (5015.
382 2498 594 2532 liufuuinun]
626 2499 671 2540 T;
699 2501 735 2533 et
760 2500 1021 2544 nachyetraqen
1050 2499 1088 2533 Τ.
1116 2518 1158 2522 -
1186 2501 1263 2534 (308.
1291 2498 1333 2533 ad
1362 2500 1478 2535 radirt
1505 2500 1545 2535 T.

420 2664 452 2708 1)
479 2663 545 2697 Die
564 2664 640 2698 vita
665 2664 692 2697 I.
712 2674 738 2698 c.
760 2664 802 2698 15
828 2663 964 2698 crziihlt
990 2662 1053 2697 den
1084 2662 1157 2696 Tod
1181 2662 1332 2707 Gregors
1358 2666 1429 2698 erst
1454 2664 1543 2699 nach
1569 2663 1647 2698 dem
1674 2665 1818 2700 zweiten

279 2721 622 2763 Sachsenaufstand3
661 2722 717 2757 die
744 2723 819 2757 vita
845 2723 892 2757 Il.
919 2722 1031 2756 kennt
1068 2733 1133 2756 nur
1171 2722 1273 2756 einen
1300 2722 1434 2756 Einfall
1472 2722 1532 2757 der
1566 2723 1728 2764 Sachsen,
1755 2725 1820 2759 wie

279 2781 366 2814 auch
392 2780 449 2815 die
476 2781 551 2815 vita
578 2781 652 2823 ΙΙΙ;
687 2781 768 2825 jene
802 2781 977 2816 berichtet
1011 2780 1077 2815 den
1105 2780 1178 2815 Tod
1205 2779 1356 2824 Gregors
1381 2781 1534 2816 nachher
1572 2790 1613 2825 (c.
1642 2782 1687 2827 7),
1726 2782 1820 2818 diese

279 2839 439 2882 zugleich
465 2839 532 2873 mit
558 2839 618 2874 der
642 2840 838 2884 Nachfolge
864 2839 1046 2875 Alberichs
1082 2839 1152 2874 und
1187 2839 1247 2873 der
1281 2838 1448 2885 Sendung
1477 2840 1646 2886 Liudgers
1671 2852 1821 2876 summa-

278 2898 371 2932 risch
398 2898 521 2932 vorher
547 2898 587 2943 (c.
618 2899 684 2944 10).
