1801 3213
163 413 219 447 22.

95 519 192 563 995.

67 838 191 880 1000.

68 1158 193 1200 1005.

65 1477 190 1519 1010.

69 1773 193 1815 1015.

66 2071 190 2112 1020.

67 2390 193 2432 1025.

162 2140 218 2175 23.

446 155 544 197 Vita
575 156 723 210 rythm.
759 168 789 198 s.
813 156 1008 211 Liudgeri
1040 156 1108 198 let.
1141 157 1194 198 II.

256 272 341 314 Nec
372 272 429 315 sic
461 284 549 326 spes
581 272 718 326 aliqua
749 286 819 326 per
850 273 989 315 futura
1018 274 1212 327 tempora,

327 342 423 385 talis
455 344 501 384 ut
533 343 597 384 vel
629 356 731 385 unus
764 343 913 385 mundo
943 344 997 386 sit
1029 344 1203 386 futurus.

257 412 353 448 Haec
379 412 461 447 dum
487 412 627 457 plorata
652 415 748 455 sunt,
772 413 858 448 11666
887 412 969 448 (111111
994 413 1180 448 hcuiulata
1206 415 1291 448 sunt

325 474 362 506 et
387 471 469 506 dum
494 471 640 515 grandis
666 472 783 506 luctus
810 471 872 506 diu
899 474 953 506 est
978 471 1179 516 productus,

255 529 490 566 Gerfridus
516 529 652 572 aderat,
679 531 741 576 qui
767 533 804 565 61
829 542 970 575 nepos
996 531 1115 566 fuerat

325 589 455 624 nobilis
480 589 651 634 Liudgeri
676 592 713 625 et
738 590 870 624 amicus
895 590 973 632 Dei,

256 649 315 691 Ex
345 650 408 691 his
441 650 663 704 discipulis,
702 662 801 703 quos
834 649 1062 705 Liudgerus
1094 650 1243 702 docuit,

326 732 421 774 quos
455 720 495 761 in
528 720 744 774 disciplina
776 720 919 762 habuit
951 720 1089 762 divina
1107 723 1134 771 1,

254 790 302 825 Et
327 791 388 835 qui
414 791 485 825 iam
511 791 643 825 meruit
669 801 754 831 esse,
782 790 842 834 qui
869 790 939 824 ian]
967 789 1101 832 debuit,

324 849 405 884 sede
431 850 469 884 in
494 849 665 893 Liudgeri
692 860 813 884 servus
839 860 914 884 esse
940 850 1017 884 Dei.

254 909 308 951 Et
338 909 416 952 iste
446 909 626 960 fleverat,
664 910 849 963 quamvis
880 923 995 952 omne
1028 912 1194 952 noverat

323 980 515 1035 gaudium
549 981 590 1021 in
624 981 783 1022 Christo
817 980 865 1022 de
898 980 1102 1035 Liudgero
1134 981 1224 1033 isto,

254 1050 364 1085 Nam
390 1053 551 1085 sanctum
577 1050 737 1085 audiens
763 1049 1014 1085 infirmum2
1040 1054 1076 1086 et
1102 1051 1257 1092 veniens,

324 1112 366 1144 ut
391 1110 482 1144 hunc
508 1111 722 1145 visitaret
734 1110 759 1151 3,
795 1109 877 1144 dum
902 1109 974 1144 iam
999 1111 1264 1156 propinquaret,

255 1168 374 1203 Ante
400 1180 440 1203 se
466 1168 619 1203 subito
646 1168 759 1213 fulg
773 1180 839 1204 ore
854 1170 868 1188 4
894 1169 1089 1204 clarissimo

326 1226 369 1262 (16
394 1230 489 1262 terra
515 1227 608 1262 exire
636 1227 759 1262 vidit
785 1228 930 1262 lucem
955 1229 1054 1269 mire,

255 1286 304 1321 Et
329 1287 379 1321 sic
404 1287 440 1321 in
467 1291 545 1321 aere
570 1287 614 1321 in
641 1286 838 1321 sublime
865 1286 1083 1329 scandere,

325 1345 448 1380 ethera
473 1346 638 1387 transire,
664 1346 771 1380 celos
796 1346 958 1381 introire.

255 1404 370 1457 Quod
400 1418 570 1447 narrans
601 1405 796 1447 fratribus
829 1406 1016 1459 plurimis
1048 1406 1278 1450 hortatibus

327 1476 484 1519 monuit
515 1489 593 1518 non
625 1476 732 1527 flere,
765 1477 897 1532 magis
930 1477 1000 1519 sed
1031 1478 1221 1532 gaudere,

253 1546 361 1582 Illum
387 1557 491 1592 quem
517 1548 685 1587 cerneret,
713 1545 804 1591 quod
829 1547 868 1581 in
894 1547 1008 1581 altum
1034 1551 1209 1592 pergeret,

325 1606 428 1640 illum
454 1616 558 1650 quern
584 1605 744 1647 vidisset,
776 1605 869 1650 quod
895 1606 932 1640 in
959 1606 1071 1640 celum
1098 1607 1196 1650 isset,

252 1665 360 1700 Illum
386 1675 487 1710 quem
514 1665 659 1709 plurimi
686 1666 740 1699 sui
766 1665 936 1699 secum⁵
968 1665 1054 1699 socii

324 1727 509 1760 cernerent
533 1727 688 1766 euntem,
715 1728 900 1760 cernerent
926 1725 1138 1769 fulgentem,

257 1783 365 1818 Illum
392 1784 453 1829 qui
480 1783 698 1819 tenebras
724 1784 869 1818 noctis
895 1785 945 1818 sic
975 1784 1203 1828 fugaverat,

324 1848 366 1880 ut
391 1845 534 1881 daretur
561 1857 661 1881 nosse
687 1846 818 1880 claram
844 1845 937 1880 (116111
964 1847 1048 1881 e'sse.

254 1904 342 1939 Istis
367 1907 405 1940 et
429 1905 564 1940 talibus
590 1904 891 1940 consolationibus

325 1964 485 1998 relevans
511 1963 684 2006 dolentes,
711 1975 930 2008 compescens
954 1964 1132 2009 lugentes,

255 2021 422 2058 Tractare
448 2022 591 2065 fecerat,
619 2034 707 2068 quae
733 2022 923 2058 tractanda
949 2026 1108 2064 noverat,

324 2092 413 2126 quae
439 2085 476 2117 61
501 2082 733 2127 premonebat
759 2082 886 2127 presul,
914 2082 995 2117 dum
1022 2082 1178 2118 vivebat.

256 2140 408 2185 Igitur
433 2153 670 2184 memores,
698 2142 906 2188 qualiter
933 2142 1203 2188 disponeret⁶

326 2200 381 2234 vir
407 2199 531 2235 beatus
558 2212 620 2235 sua
645 2211 747 2245 super
773 2201 966 2245 sepultura,

255 2260 363 2301 Dum
394 2261 562 2302 iamiam
594 2261 772 2303 curreret
803 2262 987 2311 nuncius,
1021 2262 1090 2316 qui
1122 2262 1274 2305 diceret

326 2329 543 2374 Hildigrimo
570 2330 674 2365 fratri
701 2331 838 2365 obitum
864 2331 974 2372 beati,

257 2388 464 2424 Suadere
490 2390 572 2424 ilico
600 2391 869 2434 inceperunt
894 2390 1056 2435 populo
1073 2391 1085 2409 '¹

325 2451 455 2494 fratres
481 2460 584 2493 super
611 2449 707 2484 notis
732 2450 847 2484 sancti
880 2450 949 2484 viri
975 2450 1079 2491 votis,

186 2591 265 2626 993.
293 2590 490 2625 hee—sunt
517 2592 580 2626 wie
606 2591 637 2625 I.
667 2593 761 2626 1338
771 2567 901 2635 {corta
927 2592 967 2626 in
993 2591 1153 2626 euiulata
1181 2592 1220 2626 T.

1513 158 1598 200 203

185 2780 221 2824 1)
247 2778 330 2823 Vgl.
357 2778 446 2814 oben
473 2790 504 2814 v.
534 2779 599 2814 787
618 2779 652 2813 ff.
689 2799 733 2804 —
772 2780 807 2824 2)
834 2779 920 2814 Vita
946 2780 994 2814 ΙΙ.
1023 2779 1044 2814 l.
1074 2790 1101 2814 c.
1129 2799 1172 2804 —
1199 2779 1235 2824 3)
1261 2779 1348 2815 Vita
1374 2779 1404 2816 Ι.
1430 2780 1502 2815 1111(1
1528 2780 1596 2816 111.

44 2835 68 2871 1.
94 2847 120 2872 c.
150 2856 192 2860 —-
214 2837 251 2882 4)
278 2837 365 2873 Vita
382 2838 430 2872 ΙΙ.
456 2838 479 2872 1.
507 2848 534 2873 c.
563 2858 606 2863 —
633 2838 667 2883 5)
694 2838 781 2872 Vita
807 2838 835 2872 I.
862 2837 934 2872 und
961 2838 1029 2873 III.
1056 2838 1078 2873 l.
1107 2849 1132 2873 c.
1175 2859 1217 2864 —-
1258 2840 1291 2884 6)
1317 2838 1406 2874 Vita
1431 2839 1459 2874 I.
1486 2849 1513 2874 6.
1539 2839 1597 2875 32.

45 2914 89 2919 -
117 2896 152 2940 7)
178 2896 265 2932 Vita
282 2896 332 2931 II.
358 2907 386 2932 c.
406 2897 471 2938 34;
497 2897 574 2931 vita
591 2897 659 2932 111.
687 2908 713 2932 6.
740 2898 796 2932 443.
