1801 3213
156 122 243 164 304
829 123 1020 179 Anhang.

157 241 351 274 consecrari
377 241 411 274 in
440 240 606 275 honorem
634 240 709 274 divi
734 240 858 281 Pauli,
896 243 1169 286 praeposuitque
1203 242 1277 276 loco
1310 243 1514 287 pontificem
1548 246 1711 279 sanctum

157 299 273 333 virum
298 299 519 343 Ludgcrum,
559 300 705 334 natione
731 300 931 341 Phrisium,
969 300 1116 335 fratrem
1155 300 1360 345 Hildegrini
1397 302 1712 337 Halberstadensis
1778 315 1786 342 ,·

156 358 345 403 pontificis.
396 358 532 403 Quippe
557 359 656 402 regio
681 359 900 393 Phrisiorum
935 359 1200 404 praedicatione
1226 360 1409 395 illustrata
1435 360 1510 395 divi
1535 361 1711 396 Bonifacii

157 418 410 462 archiepiscopi
435 418 661 461 Moguntini‚
696 419 828 452 multos
865 419 936 452 iam
975 421 1050 452 tum
1077 418 1234 453 habebat
1259 421 1297 453 et
1322 420 1443 454 emisit
1467 419 1713 456 Christianos:

156 478 252 511 inter
278 488 363 522 quos
388 479 425 511 et
450 476 670 521 Ludgerum,
697 477 810 511 virum
841 477 885 511 ab
911 480 1013 512 utero
1039 478 1319 520 sanctificatum,
1351 479 1411 523 qui
1436 478 1713 523 praedicationis

158 538 279 570 sancto
305 535 420 570 officio
447 538 521 570 tam
544 535 710 570 ardenter
735 535 918 577 incubuit,
951 540 991 571 ut
1017 537 1144 571 merito
1170 537 1345 571 Saxonum
1373 538 1552 582 apostolus
1578 541 1615 573 et
1639 550 1714 574 me-

155 609 355 641 moraretur
381 608 418 641 et
443 609 546 641 esset.
581 596 700 638 Hunc
733 596 1011 638 Wedekindus
1042 597 1228 650 princeps
1259 598 1402 639 exinde
1433 598 1611 640 consiliis
1634 597 1712 641 sibi

159 679 316 720 semper
349 667 537 708 intimum
571 668 681 708 fecit.
717 699 725 707 .
762 699 770 708 .
817 667 919 709 Sunt
950 668 1019 721 qui
1049 668 1309 719 contendunt,
1343 682 1433 710 eum
1466 669 1591 711 fuisse
1621 681 1712 723 pro-

157 738 307 780 fessum
356 737 535 779 ordinem
583 739 713 779 sancti
758 739 991 780 Benedicti:
1039 752 1084 780 ex
1136 740 1280 792 quibus
1326 740 1441 790 sunt,
1492 740 1559 793 qui
1605 753 1712 782 nunc

156 821 281 862 usque
314 809 493 850 ordinem
537 808 690 850 dictum
733 810 1037 851 consectantur:
1085 809 1178 851 aliis
1216 810 1463 852 contrarium
1509 823 1712 852 asserren-

156 880 288 931 tibus,
331 880 436 933 quod
479 879 681 922 canonicis
722 880 911 934 regendis
941 880 1191 933 praefectus,
1234 881 1466 923 canonicam
1502 881 1712 923 dumtaxat

157 951 470 998 institutionem,
505 951 634 1004 qualis
667 951 739 992 illa
777 952 864 992 tum
891 952 983 1003 fuit,
1017 951 1071 993 sit
1102 952 1316 1005 professus.
1384 953 1593 1006 Utcunque
1624 953 1713 995 fue-

156 1022 234 1073 rit,
282 1022 385 1063 mihi
415 1022 648 1075 persuaderi
681 1035 757 1062 non
795 1023 948 1075 potest,
996 1023 1127 1064 virum
1175 1024 1383 1074 sanctum,
1426 1024 1461 1065 si
1493 1025 1712 1066 monachus

157 1094 313 1143 fuisset,
346 1093 389 1134 in
420 1093 648 1146 episcopatu
683 1093 941 1146 professionis
978 1106 1071 1136 suae
1113 1094 1298 1145 oblitum,
1342 1095 1564 1137 deseruisse
1596 1095 1712 1137 habi-

155 1165 268 1214 tum,
312 1166 352 1205 et
383 1165 571 1206 carnibus
603 1164 644 1204 in
677 1177 815 1205 mensa
846 1177 964 1205 usum
999 1164 1146 1215 fuisse,
1186 1166 1345 1217 praeter
1383 1178 1535 1207 morem
1578 1166 1618 1207 et
1648 1166 1712 1206 in-

156 1235 411 1277 stitutionem
442 1235 677 1277 Benedicti:
721 1247 850 1291 quippe
869 1258 971 1291 quem
998 1248 1035 1280 in
1062 1247 1138 1281 vita
1162 1247 1298 1291 pariter
1324 1251 1361 1281 et
1385 1247 1423 1281 in
1449 1249 1561 1282 morte
1586 1248 1714 1282 multis

155 1306 337 1340 miraculis
363 1308 504 1340 constat
531 1306 705 1339 claruisse.
759 1306 810 1340 De
836 1305 1071 1340 facultatibus
1106 1306 1315 1350 patrimonii
1349 1307 1402 1341 sui
1428 1307 1633 1341 aedificavit
1658 1317 1712 1341 ce—

156 1365 252 1400 lebre
270 1366 525 1399 monasterium
544 1364 679 1399 ordinis
699 1365 773 1399 divi
790 1365 976 1399 Benedicti
1003 1366 1038 1399 in
1062 1364 1246 1406 Werdena,
1274 1376 1377 1410 super
1393 1366 1526 1400 Buram
1552 1366 1712 1408 fluvium,

157 1425 261 1479 quod
293 1425 564 1478 superioribus
602 1426 755 1478 aliquot
787 1426 903 1466 annis
951 1425 1237 1467 miserabiliter
1284 1426 1529 1479 collapsum,
1575 1427 1712 1468 nostra

155 1496 261 1539 vidit
292 1499 404 1538 aetas
435 1509 504 1550 per
536 1497 861 1538 reformationem
892 1496 1055 1551 egregie
1087 1497 1373 1540 instauratum.
1419 1508 1463 1542 In
1481 1519 1549 1553 quo
1567 1510 1713 1543 sanctus

155 1567 209 1601 vir
236 1567 405 1611 sepultus,
433 1566 524 1602 dien]
552 1578 587 1602 se
604 1567 836 1601 novissimum
863 1569 1130 1611 expectaturum
1146 1567 1298 1601 Domino
1323 1567 1506 1602 revelante
1523 1567 1712 1612 praedixit.

155 1626 360 1670 Emigravit
386 1629 507 1661 autem
533 1638 625 1661 anno
652 1627 885 1670 octingesimo
911 1637 1013 1661 nono.

299 1688 368 1729 33.
432 1687 616 1729 Wittii
649 1687 878 1728 historia
904 1687 1157 1740 antiquae
1178 1687 1531 1729 occidentalis
1564 1686 1712 1729 Saxo-

157 1758 279 1800 niae
312 1771 398 1800 seu
431 1772 562 1800 nunc
598 1758 1000 1811 westphaliae1.

300 1832 369 1872 34.
432 1830 779 1871 Tritheniius:
844 1829 901 1871 de
954 1829 1081 1871 viris
1143 1829 1454 1871 illustribus
1504 1828 1710 1871 ordinis

156 1914 240 1943 san
255 1902 330 1943 cti
360 1902 646 1943 Benedicti
676 1901 703 1941 1.
728 1901 802 1942 III.
827 1913 859 1942 c.
888 1901 1019 1942 1962:
1052 1901 1113 1941 De
1146 1901 1285 1942 sancto
1307 1900 1484 1954 Lutgero
1515 1899 1709 1953 episcopo.

298 1971 482 2016 Ludgerus
518 1973 652 2016 primus
687 1972 867 2016 episcopus
892 1971 1186 2005 Monasteriensis
1223 1970 1287 2004 sub
1325 1970 1585 2014 archiepiscopo
1611 1969 1713 2004 Colo-

154 2042 282 2083 niensi,
313 2033 530 2074 monachus
563 2032 694 2074 sancti
724 2031 937 2073 Benedicti
961 2042 1172 2076 monasterii
1203 2041 1461 2082 Beneventani,
1490 2041 1542 2075 vir
1568 2042 1711 2075 sanetus

155 2111 195 2135 ao
220 2101 288 2136 Dei
314 2097 478 2144 dilectus}
504 2104 580 2137 tarn
606 2103 643 2136 in
670 2102 747 2136 vita
766 2113 869 2147 quani
896 2104 977 2146 post
994 2103 1144 2135 mortem
1169 2101 1323 2135 infinitis
1347 2100 1477 2135 claruit
1502 2099 1712 2135 virtutibus.

154 2160 240 2194 Eius
268 2171 389 2205 corpus
414 2162 452 2195 in
478 2162 622 2196 cenobio
648 2161 879 2196 Werdenensi
908 2162 1108 2206 requiescit.
1158 2159 1300 2195 Claruit
1335 2170 1426 2194 anno
1459 2159 1604 2194 Domini
1630 2159 1710 2194 790.

155 2219 263 2254 Cuius
289 2220 419 2254 festum
446 2222 568 2265 agitur
595 2223 625 2257 7.
654 2221 722 2255 kal.
749 2221 883 2265 Aprilis
895 2221 919 2255 3.

307 2282 376 2322 35.
439 2282 594 2323 Pauli
624 2282 815 2336 Langii
849 2281 1126 2323 chronicon
1159 2279 1474 2321 Citicense4:
1518 2279 1631 2320 ..Et
1662 2278 1712 2320 de

155 2351 265 2392 beati
288 2352 500 2406 Ludigerii
522 2353 655 2395 studio
677 2354 736 2394 ita
758 2353 865 2393 inter
887 2353 968 2394 alia
990 2352 1032 2393 in
1049 2352 1134 2393 vita
1157 2352 1241 2392 eius
1258 2351 1433 2404 legitur:
1465 2360 1711 2401 „Commen-

156 2420 384 2456 daverunt
417 2433 510 2456 eum
535 2425 784 2467 parentes...
815 2443 857 2447 —
884 2423 1002 2457 artis
1036 2421 1303 2466 spiritalis“
1319 2420 1344 2454 ⁵.
1394 2420 1505 2454 Venit
1531 2422 1567 2454 et
1593 2429 1711 2453 amore

155 2479 341 2514 literarum
368 2481 411 2515 ad
437 2482 643 2526 Alquinum,
670 2483 785 2517 virum
812 2482 962 2516 inomni
989 2481 1165 2525 sapientia
1183 2479 1541 2524 praestantissimum,
1568 2477 1711 2512 auditor

155 2550 255 2585 illius
282 2551 368 2586 duos
393 2564 503 2587 annos
530 2554 684 2588 existens
711 2556 748 2588 et
774 2553 934 2587 dimidio.
984 2553 1082 2594 Post,
1110 2541 1155 2582 11³ss
1189 2540 1247 2582 ibi
1271 2539 1443 2581 habebssl'
1461 2540 1490 2589 6,
1521 2548 1565 2583 ad
1590 2558 1712 2582 mona-

157 2622 304 2656 sterium
331 2634 490 2658 reversus
515 2626 581 2666 est,
607 2624 724 2659 bene
758 2625 1069 2659 instructus..
1099 2643 1142 2648 —
1168 2622 1425 2657 illustrior.
1451 2610 1562 2651 Haec
1593 2609 1711 2651 ibi·-

300 2768 335 2812 1)
361 2766 424 2800 Ed.
451 2766 661 2800 Monasterii
687 2766 797 2807 1778,
833 2777 865 2810 p.
894 2767 961 2800 123
988 2777 1038 2810 sq.
1071 2764 1268 2799 129—134.
1307 2781 1352 2788 -
1390 2763 1425 2807 2)
1450 2761 1516 2797 Ed.
1542 2759 1711 2796 Coloniae

154 2826 376 2870 Agrippinae
408 2826 509 2867 1575,
537 2837 569 2870 p.
596 2826 676 2859 494.
713 2845 755 2849 —
790 2826 827 2870 3)
852 2824 1026 2859 Aehnlich
1054 2823 1115 2858 lib.
1142 2823 1203 2857 IV.
1231 2833 1258 2857 c.
1286 2823 1351 2857 187
1376 2822 1398 2856 l.
1432 2832 1459 2855 c.
1490 2832 1522 2865 p.
1558 2820 1636 2854 529.
1664 2839 1707 2843 —

157 2886 195 2931 4)
221 2886 396 2920 Pistor-ius
423 2884 483 2919 SS.
510 2885 539 2919 I.
570 2886 659 2919 11:29
674 2884 698 2920 f.
729 2904 771 2907 —
800 2886 835 2929 5)
861 2884 948 2918 Vita
973 2884 1001 2918 Ι.
1029 2894 1056 2919 c.
1076 2886 1108 2917 9.
1137 2902 1179 2907 -
1206 2883 1242 2927 6)
1268 2882 1356 2916 Vita
1383 2882 1411 2916 Ι.
1443 2890 1471 2914 c.
1503 2880 1557 2914 12.
