1864 3213
221 152 278 195 34
621 152 795 193 Altfridi
828 151 913 194 vita
945 164 976 195 S.
1007 147 1204 215 Liudgeri
1234 151 1306 193 lib.
1339 151 1371 193 Ι.

220 267 306 312 1000
338 269 458 311 sitam
470 278 498 321 ³,
532 269 598 323 qui
630 269 796 312 vocatur
828 269 1128 320 Billurbekib1‚
1162 269 1202 310 et
1233 267 1503 311 ecce'mulier
1534 268 1732 322 quaedam
1745 276 1773 320 ⁰,

221 341 352 394 quaed
383 340 540 382 inlicito
572 340 740 382 conubio
772 352 842 381 suo
858 341 945 381 erat
976 340 1163 393 copulata
1193 340 1339 382 marito
1351 347 1379 391 θ,
1413 340 1497 381 eius
1529 339 1666 381 volens
1699 339 1776 380 mi-

220 412 354 466 tigare
387 412 579 453 terrorem
612 411 724 452 misit
771 410 835 452 illi
883 411 964 453 mel
1010 411 1124 464 quasi
1170 424 1240 464 pro
1273 411 1562 452 benedictione.
1616 410 1674 451 At
1704 410 1775 452 ille

220 483 303 525 tale
336 495 481 524 munus
513 481 739 535 susciperes
767 481 1045 535 dispiciendo&
1065 481 1267 524 rennuith.
1301 481 1476 533 Quidam
1506 481 1777 523 1011Πο11111νο-

222 567 292 595 nes
323 566 369 595 ex
401 553 609 606 discipulis
659 552 744 594 eius
775 552 882 593 illud
928 552 1009 593 mel
1054 552 1355 605 concupientesi
1392 553 1631 605 acceperunt
1663 553 1703 593 et
1733 551 1777 593 in

221 624 391 666 ecclesia
422 624 527 665 retro
559 623 688 664 altare
720 623 875 665 occulte
907 624 1136 676 posuerunt.
1171 622 1349 676 Cumque
1381 623 1443 665 vir
1474 623 1551 664 Dei
1582 622 1634 664 ad
1668 622 1776 664 idem

220 695 350 737 altare
381 694 548 736 missam
581 694 856 736 celebraturus
888 694 1096 736 accederet
1127 694 1229 735 etos
1262 694 1484 747 aperuisset
1516 694 1568 735 ad
1599 693 1775 747 precesk,

220 765 431 809 confestim
454 778 522 807 vas
545 766 733 816 testeum,
765 765 807 806 in
840 778 916 818 quo
938 765 1042 806 illud
1074 764 1395 807 inoboedientiae
1427 765 1507 806 mel
1537 765 1775 815 habebatur,

221 836 456 879 minutatim
489 836 657 890 crepuit,
705 836 745 877 et
791 836 1016 889 dispersum
1050 836 1111 877 est
1142 836 1236 886 mel,
1281 836 1384 889 quod
1416 836 1655 890 colligentes
1686 848 1777 889 pro-

219 909 402 950 iecerunt
434 908 553 951 foras.
596 908 688 949 Non
720 907 894 948 cessavit
925 906 1060 947 autem
1084 906 1200 948 miles
1231 905 1395 956 Christi,
1429 906 1640 959 quominus
1672 905 1778 947 illud

221 979 443 1021 inlicitum¹
475 979 701 1020 destrueret
732 977 963 1031 coniugium
976 986 1014 1026 1¹1,
1048 977 1118 1018 sed
1156 978 1196 1018 et
1232 977 1365 1019 virum
1393 977 1540 1030 ipsum,
1574 977 1642 1030 qui
1672 976 1777 1018 illud

221 1051 449 1104 perpetrare
482 1061 603 1091 ausus
634 1049 737 1099 estu,
771 1047 1055 1090 exterminavit
1087 1061 1110 1089 a
1141 1048 1285 1100 patria.

366 1122 434 1164 29.
466 1121 601 1162 Dum0
643 1119 772 1174 igitur
814 1119 854 1161 in
887 1118 1026 1160 Fresia
1059 1118 1228 1160 docendi
1259 1119 1395 1173 gratia
1441 1119 1492 1160 ad
1540 1119 1778 1161 aecclesiam

222 1204 338 1234 suam
369 1191 547 1233 venisset
578 1191 749 1241 in‘loco,
777 1190 843 1243 qui
878 1190 1028 1232 dicitur
1058 1190 1219 1240 Η1011Ρ,
1247 1190 1359 1231 iuxta
1390 1190 1558 1232 fiuvium
1591 1190 1730 1231 Ladeq
1749 1191 1776 1241 2,

222 1263 343 1317 petiit
380 1262 492 1304 illius
538 1261 617 1303 1001
664 1262 895 1315 piscatores,
942 1261 1010 1315 qui
1045 1262 1081 1302 ei
1126 1261 1253 1314 pisces
1286 1261 1444 1303 adferre
1484 1261 1699 1312 solebantr,
1732 1261 1778 1302 ut

223 1334 400 1387 aliquem
439 1334 543 1375 sibis
591 1333 833 1374 sturionemt
881 1331 1237 1385 compraehensum
1271 1331 1488 1373 adferrent.
1531 1331 1588 1372 At
1620 1331 1685 1372 illi
1716 1331 1778 1372 di-

223 1405 379 1455 xerunt,
414 1404 534 1458 longe
566 1417 651 1446 esse
683 1403 949 1456 praeteritum
966 1404 1138 1456 tempus,
1172 1415 1248 1455 quo
1280 1402 1381 1444 tales
1414 1402 1543 1456 pisces
1575 1414 1779 1455 comprae-

223 1475 347 1517 hendi
378 1476 577 1529 poterant.
619 1475 744 1517 Erat11
776 1473 948 1516 enimin
979 1473 1159 1527 proximo
1190 1474 1399 1527 temporav
1430 1473 1587 1515 hiemis.
1623 1472 1778 1525 Quibus

223 1545 294 1587 ille
324 1546 406 1587 leto
437 1545 555 1588 vultu
585 1545 670 1586 ait:
719 1545 794 1596 ,Ite
833 1544 921 1595 filii,
954 1544 1091 1595 facite,
1141 1557 1241 1598 quae
1274 1544 1369 1596 dixi,
1403 1545 1543 1598 potens
1575 1545 1637 1586 est
1667 1544 1778 1586 Deus

223 1615 333 1658 omni
355 1617 531 1669 tempore
564 1615 690 1658 servis
723 1616 805 1657 suis
854 1615 1082 1657 desiderata
1113 1616 1321 1668 prestare‘.
1355 1616 1438 1669 Ipsi
1470 1628 1562 1658 vero
1593 1615 1779 1669 precibus

223 1686 303 1729 viri
333 1687 411 1728 Dei
442 1687 571 1729 coacti
603 1687 817 1740 coeperunt
857 1699 966 1727 more
998 1686 1116 1727 solito
1148 1687 1232 1728 rete
1263 1699 1334 1740 per
1365 1680 1692 1740 aquas'trahere.
1725 1686 1779 1728 Et

223 1770 313 1800 ecce
346 1758 479 1799 subito
518 1757 687 1799 elevatis
733 1757 883 1799 occulis
924 1756 1114 1798 Viderunt
1160 1770 1275 1799 avem
1308 1770 1502 1812 magnam
1535 1758 1778 1800 descenden-

222 1828 306 1870 tem
340 1828 388 1870 de
421 1828 529 1871 caelo
561 1841 696 1870 coram
727 1841 782 1879 se,
815 1829 856 1869 et·
886 1827 982 1869 dum
1014 1827 1169 1870 intente
1201 1828 1243 1869 in
1274 1828 1390 1870 illam
1412 1828 1616 1870 oculorum
1648 1829 1779 1870 aciem

222 1899 486 1954 infigerentw,
519 1898 622 1940 dixit
668 1911 771 1940 unus
817 1898 868 1939 ad
900 1898 1098 1940 alterum:
1147 1899 1266 1950 ,Vere
1313 1899 1623 1941 similitudinem
1655 1899 1780 1941 habet

222 1970 373 2024 piscis‘.
406 1969 654 2011 Mirantibus
686 1970 822 2023 itaque
855 1970 912 2011 eis
944 1982 990 2011 ac
1030 1983 1175 2023 pavore
1206 1969 1447 2024 perterritis,
1497 1970 1645 2012 cecidit
1690 1970 1778 2024 ipsa

366 2106 383 2125 ἃ
406 2099 433 2143 f.
468 2099 521 2133 W
549 2119 593 2124 —-
617 2098 635 2124 b
660 2097 847 2133 Bilurbike
882 2098 946 2142 W;
981 2097 1162 2133 Bilurbeci
1191 2097 1219 2133 S
1228 2111 1240 2141 ‚-
1277 2098 1478 2133 Billerbeke
1504 2098 1548 2133 N
1553 2111 1566 2142 ;
1591 2098 1778 2134 Bilrebeke

226 2158 266 2194 T.
291 2159 327 2194 U
329 2171 342 2202 ,·
367 2157 549 2193 Bilrebeki
574 2158 658 2193 Sur.
685 2158 722 2192 in
748 2157 822 2192 loco
849 2157 910 2202 qui
936 2168 968 2191 v.
995 2157 1035 2192 B.
1061 2156 1106 2191 ad
1133 2158 1214 2192 eccl.
1240 2169 1267 2192 s,
1300 2157 1356 2193 W.
1385 2178 1428 2183 —
1462 2165 1476 2184 0
1501 2158 1530 2193 S
1553 2169 1580 2192 8.
1605 2159 1639 2193 h.
1678 2158 1778 2193 nobi-

224 2218 270 2252 lis
307 2222 393 2260 (aus
428 2218 505 2252 vita
540 2217 625 2261 IL).
668 2237 711 2241 —-
749 2216 767 2242 ἃ
802 2227 892 2252 corr.
929 2217 970 2252 in
1007 2227 1074 2262 que
1107 2217 1153 2252 L.
1196 2237 1238 2241 —
1282 2224 1297 2243 e
1345 2217 1476 2251 illicito
1514 2219 1593 2251 erat
1629 2217 1777 2252 conubio

224 2286 286 2311 suo
312 2276 421 2321 copul.
450 2276 526 2310 viro
558 2276 615 2311 W.
641 2296 684 2301 —
711 2275 726 2302 f
746 2276 904 2320 accipere
941 2276 995 2312 W.
1023 2295 1067 2301 —
1092 2284 1110 2309 g
1135 2275 1359 2321 despiciendo
1398 2276 1451 2311 W
1479 2296 1523 2301 —
1547 2276 1566 2302 11
1591 2277 1711 2311 renuit
1739 2276 1777 2312 S.

226 2354 271 2360 —
296 2335 306 2361 i
331 2335 614 2379 concupiscentes
648 2335 701 2369 W
729 2355 771 2360 —
797 2334 816 2360 k
842 2334 887 2369 ad
920 2345 972 2379 pr.
997 2345 1053 2379 ap.
1088 2335 1141 2369 W.
1170 2354 1211 2359 —
1238 2335 1248 2361 1
1272 2335 1441 2370 illicitum
1476 2335 1529 2370 W
1557 2356 1600 2360 —-
1637 2343 1663 2361 m
1689 2335 1725 2370 B
1749 2346 1777 2370 s.

222 2394 268 2429 h.-
291 2393 495 2428 laborantes
519 2396 556 2429 et
581 2395 741 2429 errantes
757 2393 978 2438 redarguere.
997 2414 1037 2418 -
1062 2402 1082 2420 11
1106 2393 1152 2428 Η
1172 2405 1200 2428 s.
1225 2395 1263 2429 h:
1302 2396 1339 2429 et
1364 2395 1622 2429 ecclesiasticae
1647 2405 1779 2430 correc-

224 2452 318 2487 tioni
342 2463 412 2487 non
437 2452 626 2487 subiacuit.
655 2473 697 2478 —
735 2460 750 2478 0
776 2463 852 2487 cum
888 2453 941 2488 W
969 2473 1011 2477 —
1049 2460 1067 2486 P
1103 2453 1141 2487 in
1168 2453 1393 2488 loco—Hleri
1417 2454 1443 2497 f.
1478 2454 1541 2497 W;
1577 2453 1690 2488 Lhere
1727 2453 1779 2498 T,-

223 2509 326 2546 Jheri
350 2511 400 2546 N.
433 2511 485 2555 U;
509 2511 596 2546 Ledi
621 2511 657 2547 J.
674 2511 718 2546 K
724 2525 736 2555 ,·
762 2511 883 2546 Heleri
908 2511 1000 2554 Sur3
1035 2511 1154 2554 Lheri,
1173 2512 1261 2548 Lere
1285 2512 1464 2548 Lesarten
1489 2513 1544 2548 bei
1568 2513 1662 2547 Bon.
1674 2525 1687 2556 ;
1711 2512 1779 2547 Le-

224 2570 308 2605 here
336 2569 433 2606 Oine.
460 2590 503 2595 —-
530 2579 547 2604 q
564 2570 707 2606 Ladhae
723 2571 761 2607 J.
779 2571 822 2605 K
825 2585 834 2613 ;
860 2570 995 2605 Ladam
1021 2571 1075 2606 M.
1093 2571 1143 2607 N.
1172 2571 1212 2606 Τ.
1244 2571 1280 2607 U
1284 2584 1298 2615 ;
1322 2571 1435 2606 Lethe
1460 2571 1594 2607 Lesart
1610 2572 1665 2606 bei
1681 2572 1776 2607 Bon.

226 2648 271 2653 -—
287 2636 302 2655 r
318 2629 592 2674 qui—solebant
615 2631 642 2674 f.
657 2629 694 2665 S.
714 2650 758 2655 -—
783 2638 796 2656 ⁸
813 2630 841 2674 f.
868 2630 921 2665 W.
940 2649 982 2654 —
996 2630 1010 2656 t
1025 2630 1243 2665 steurionem
1259 2630 1297 2666 S.
1316 2649 1361 2656 —
1377 2638 1396 2657 ¹²
1413 2631 1516 2666 erant
1533 2629 1570 2666 S.
1590 2650 1633 2655 —
1651 2638 1669 2657 v
1686 2632 1777 2666 tem-

226 2699 291 2733 pus
325 2689 378 2723 W.
405 2708 444 2714 —-
468 2696 492 2715 w
517 2689 670 2734 figerent
694 2690 805 2726 atiem
840 2690 892 2724 W.

369 2842 405 2886 1)
431 2841 642 2877 Billerbeck.

369 2901 406 2946 2)
431 2901 519 2936 Leer
543 2900 680 2936 unweit
704 2900 765 2936 der
789 2901 976 2946 Miindung
1000 2900 1062 2937 der
1086 2900 1182 2937 Leda
1207 2901 1245 2936 in
1270 2900 1327 2937 die
1351 2900 1445 2937 Ems.
