1801 3213
675 147 759 189 Das
790 147 983 202 Privileg.

55 262 139 302 cuti
191 262 288 303 sunt
331 275 468 304 omnes
512 263 598 304 tam
647 263 793 305 divites

55 343 172 384 quam
205 344 422 385 pauperes,
469 333 536 386 qui
576 335 721 387 postea·
745 335 793 376 de

55 401 139 443 suis
170 402 466 445 hereditatibus
488 403 552 445 vel
569 404 694 446 etiam
724 418 793 458 pe-

55 472 185 513 cuniis
216 472 346 515 eidem
388 474 606 515 aecclesiae
636 474 792 528 aliquid

52 542 213 585 tradere
264 544 498 595 voluerunt,
545 546 591 586 ut
636 557 791 599 semper

52 612 138 655 Deo
169 613 321 656 ibidem
343 615 562 656 servientes
584 616 790 666 haberent,

52 683 158 725 unde
204 697 275 737 pro
321 684 419 738 ipsis
464 686 682 728 Dominum
724 687 793 728 de-

52 755 263 807 precantes
284 756 419 798 vivere
449 757 685 810 potuissent.
725 768 792 803 Sed

52 824 166 868 quiaa
191 824 265 858 illis
295 826 515 870 temporibus
548 826 662 861 adhuc
687 827 792 862 Saxo-

51 905 113 928 nes
138 896 175 929 et
192 894 400 936 Fresonesb‚
442 898 488 927 eX
523 887 668 940 quibus
699 900 792 929 con-

50 955 236 1008 gregatio
266 955 339 997 illa
379 956 555 998 maxima
596 970 642 999 ex
678 959 792 1010 parte

51 1025 208 1066 constat
255 1038 340 1068 esse
385 1027 578 1079 collecta,
616 1038 721 1073 rudes
754 1039 790 1073 in

50 1105 118 1140 fide
151 1106 320 1149 fuerunt,
361 1098 402 1138 et
423 1111 502 1139 non
531 1099 664 1151 potuit
699 1111 790 1141 san-

953 760 1030 802 Sed
1070 761 1163 815 quia
1205 764 1417 806 monachos
1452 765 1603 806 ibidem

865 833 1138 886 congregandi
1170 833 1343 876 facultas
1370 848 1449 877 non
1481 836 1603 878 daba-

862 892 942 940 tur,
972 906 1008 936 ct
1034 913 1112 937 eum
1146 914 1206 937 rex
1238 903 1389 939 Karolus
1426 905 1603 941 doctorem

863 961 1024 995 novellae
1061 962 1157 1007 plebi
1194 962 1369 998 Saxonum
1407 967 1443 999 et
1481 965 1603 1000 Freso-

864 1030 972 1056 numc
1005 1021 1240 1067 praefecerat,
1276 1025 1312 1056 et
1345 1023 1401 1058 illi
1437 1024 1540 1059 rudes
1566 1025 1603 1058 in

862 1094 931 1129 fide
956 1094 1120 1134 fuerunt,
1145 1084 1187 1124 et
1223 1096 1299 1125 non
1330 1084 1463 1136 potuit

51 1168 140 1208 ctus
170 1167 233 1209 vir

49 1237 205 1291 aliquos
237 1239 478 1291 persuadere
509 1239 729 1281 secularem
772 1240 899 1282 vitam
948 1238 1174 1290 relinquere
1219 1237 1295 1278 acd
1337 1237 1601 1280 monasticam

49 1307 208 1359 ducere,

49 1380 86 1412 ct
111 1379 195 1423 quia
221 1390 299 1414 eum
332 1391 392 1414 rex
426 1380 577 1414 Karolus
611 1380 787 1415 doctorem

48 1438 210 1472 novellae
247 1438 342 1483 plebi
380 1439 554 1474 Saxonum
593 1442 630 1474 et
667 1439 790 1474 Freso-

49 1505 156 1531 nume
181 1497 387 1542 prefecerat,

48 1556 198 1600 idcirco
229 1558 337 1600 idem
383 1559 505 1611 opusf
548 1558 638 1601 Deo
678 1559 912 1612 cooperante
959 1557 1247 1611 perficiendum
1293 1569 1486 1611 germano
1532 1570 1601 1599 suo

49 1629 230 1682 episcopo
262 1629 452 1671 nomine&
481 1629 761 1685 Hildigrimoh
793 1631 834 1671 et
873 1629 1009 1683 nepoti
1050 1641 1119 1671 suo
1168 1628 1377 1678 Gerfrido,
1424 1628 1600 1670 nondum

49 1699 253 1753 episcopo,
300 1700 370 1742 sed
402 1700 621 1742 successori
651 1713 722 1743 suo
767 1701 946 1751 futuroi,
994 1699 1168 1741 iniunxit
1199 1700 1239 1741 et
1269 1699 1349 1740 eisi
1382 1699 1599 1752 discipulos

11 1772 14 1775 '
49 1782 154 1821 suos,
188 1783 284 1823 quos
316 1771 368 1814 ad
398 1771 473 1813 hoc
512 1771 675 1825 ipsumk
715 1772 968 1821 enutrieraffl,
1000 1770 1302 1824 probatissimos
1343 1770 1600 1812 commenda-

48 1841 154 1883 vitm.
189 1841 325 1894 Quosn
355 1842 531 1895 prefati⁰
564 1843 725 1884 blandis
762 1842 1077 1896 aliquutionibus
1108 1841 1395 1896 aggredientes
1426 1840 1489 1882 his

47 1913 389 1955 exhortationibus
420 1914 479 1956 sic
511 1914 639 1955 exorsi
670 1915 786 1955 sunt:
859 1913 993 1955 verbis
1018 1912 1146 1954 exorsi
1167 1912 1283 1954 sunt:
1317 1912 1599 1966 ,Disciplinam

861 1985 901 2025 et
931 1983 1186 2037 sapientiam,
1212 1983 1359 2024 fratres
1380 1982 1597 2033 karissimi,

859 2055 999 2110 diligit
1020 2055 1143 2104 Deus,
1176 2053 1342 2106 corripit
1368 2054 1504 2095 autem
1536 2054 1598 2094 in-

859 2126 1064 2179 sipientes.
1098 2125 1151 2166 Et
1182 2124 1224 2165 in
1246 2124 1324 2166 alio
1355 2124 1441 2166 loco
1472 2124 1599 2177 scrip-

858 2198 952 2238 tura
983 2196 1137 2238 dicit1:

52 2267 237 2318 ,Induite
268 2280 336 2310 vos
369 2268 493 2310 lorica
528 2267 627 2320 Dei,
673 2268 719 2309 ut
750 2267 912 2322 possitis
943 2268 1051 2309 stare
1087 2267 1280 2309 adversus
1310 2266 1479 2308 insidias
1510 2266 1598 2307 dia-

45 2337 180 2387 boli“;
214 2338 362 2381 idcirco
393 2339 621 2393 regularem
654 2340 695 2380 et
733 2338 1038 2381 monachicamp
1070 2338 1260 2391 suscipite
1291 2337 1446 2379 vitam‘.
1500 2337 1598 2389 Qui-

187 2488 204 2505 a
228 2491 317 2515 corr.
344 2480 402 2524 A,·
428 2480 595 2525 quoniam
613 2480 663 2514 H.
693 2499 736 2504 —-
761 2479 778 2504 b
803 2478 957 2514 Saxones
982 2481 1019 2512 et
1040 2477 1211 2512 Fresdnes
1228 2478 1274 2512 A.
1302 2497 1345 2501 —
1371 2485 1386 2503 C
1412 2476 1596 2511 Frisonum

46 2538 127 2574 Sch.
155 2558 198 2563 —
225 2539 241 2564 ss
267 2540 305 2573 et
330 2539 408 2574 Sch.
436 2559 480 2564 —
506 2547 521 2565 e
548 2539 722 2574 Saxonum
756 2541 794 2574 et
826 2537 1019 2573 Fresonum
1044 2537 1091 2572 A.
1124 2557 1167 2561 -
1193 2537 1208 2562 f
1229 2548 1282 2581 op.
1310 2536 1356 2571 id.
1384 2538 1443 2571 lib.
1465 2548 1526 2581 pr.
1554 2556 1597 2562 ——

48 2605 66 2631 g
91 2598 118 2641 f'.
145 2599 204 2632 lib.
234 2610 293 2643 pr.
322 2618 366 2624 —
403 2598 421 2624 ¹1
445 2598 607 2642 Hildegr.
634 2598 726 2634 Dlse.
751 2598 809 2633 II.
836 2601 892 2633 12.
932 2617 975 2622 —-
1013 2597 1022 2622 i
1046 2597 1074 2640 f.
1100 2597 1160 2631 lib.
1182 2607 1243 2641 pr.
1271 2595 1361 2631 Msc.
1388 2596 1444 2630 II.
1469 2599 1525 2630 12.
1554 2615 1597 2620 —-

45 2655 64 2681 k
89 2657 115 2700 f.
142 2656 220 2692 Sela.
249 2675 294 2681 —
318 2657 328 2682 1
353 2657 532 2692 erudierat
557 2658 636 2693 Sela.
678 2678 721 2682 —
758 2665 783 2683 1¹1
809 2659 885 2692 hier
918 2657 1021 2692 emlet
1046 2656 1124 2690 Sch.
1156 2675 1196 2679 —
1222 2663 1240 2681 11
1267 2654 1320 2689 .V.
1346 2666 1380 2690 α.
1406 2655 1452 2689 R.
1480 2655 1526 2689 A.
1554 2674 1598 2679 —

47 2722 63 2741 0
89 2715 134 2749 H
154 2727 182 2750 s.
207 2717 250 2750 h:
276 2717 355 2757 viri,
380 2717 467 2752 iiber
492 2717 555 2752 cler
580 2718 678 2752 Zeilc
703 2717 750 2751 A.
779 2737 822 2741 —
849 2724 866 2748 p
892 2716 1123 2750 monasticam
1149 2715 1209 2750 lib.
1231 2725 1290 2759 pr.

189 2895 224 2939 1)
250 2895 282 2929 1.
310 2893 431 2929 Thess.
458 2893 491 2936 5,
516 2894 549 2929 8.
