1801 3213
500 160 700 203 Cincinnii
744 160 828 202 vita
860 173 891 204 s.
921 159 1125 214 Liudgeri.
1507 161 1591 202 267

42 301 94 332 ea,
121 301 187 335 que
213 293 427 335 sequuntur,
466 289 518 323 ab
544 299 584 323 eo
609 290 766 332 tempore
792 290 930 332 gesta
956 287 1213 332 probantur
1253 277 1294 319 ei:
1332 277 1476 319 iccirco
1517 277 1594 318 ali-

42 350 216 404 qualiter
247 349 389 391 maiori
421 362 511 391 cum
535 348 751 402 diligentia
784 348 824 389 et
856 347 988 389 studio
1011 348 1171 390 certiori
1203 347 1441 400 conscripta.
1484 357 1594 393 Porro

41 434 123 477 post
148 442 188 466 ea
215 433 385 476 tempora,
415 420 496 461 iam
535 418 786 473 Hildigrimo
828 418 982 460 iuniore
1022 418 1203 472 episcopo
1235 419 1319 460 vita
1358 418 1547 460 defuncto
1564 420 1592 469 1,

41 501 85 537 ob
110 501 412 546 improbiores
443 490 618 543 prelatos
651 491 690 531 et
728 491 900 532 rectores
939 500 1055 535 fervor
1081 501 1299 545 spiritualis,
1334 501 1431 544 rigor
1457 511 1594 546 quoque

42 560 227 605 discipline
252 561 290 595 in
315 560 495 595 monachis
521 563 558 595 et
582 559 754 594 fratribus
772 560 876 594 huius
901 560 969 594 loci
1000 561 1096 604 cepit
1122 561 1261 594 remitti
1287 562 1323 594 et
1348 560 1393 593 in
1419 559 1595 603 regularis
1639 554 1641 556 ’

42 619 266 655 observantie
316 619 468 654 titulo
518 619 612 664 ipsi
670 619 1049 663 negligentiores
1099 630 1138 654 ac
1192 618 1456 663 tepidiores
1507 618 1595 653 facti

43 678 152 714 sunt2
180 706 188 714 .
217 707 223 714 .
253 707 259 714 .
287 705 295 714 .

185 737 316 783 (Caput
341 738 412 782 33.)
461 737 673 771 Miraculum
707 736 749 771 de
774 736 937 782 pluviosa
962 736 1023 771 diu
1049 737 1161 771 aura³
1188 764 1196 771 .
1224 763 1231 772 .

186 836 194 844 .
221 836 229 845 .
256 836 264 845 .
291 836 298 844 .
325 809 440 843 Huius
466 809 582 853 igitur
615 807 703 842 facti
730 809 1096 843 commemorationem
1130 797 1261 839 adhuc
1287 810 1412 850 Usque
1444 796 1486 838 in
1508 809 1596 839 ma-

43 869 152 911 xima
173 869 309 922 populi
341 869 568 922 frequentia
590 879 782 924 quotannis
816 880 1017 913 autumnali
1042 881 1199 923 ternpore
1227 868 1427 910 dominica
1449 889 1596 923 semper,

46 952 120 994 que
150 939 330 993 proxima
361 940 511 981 festum
534 939 812 982 decollationis
845 939 929 981 divi
961 939 1129 981 Joannis
1151 939 1369 992 Baptista*
1402 938 1596 992 sequitur,

45 1008 269 1044 celeberrime
293 1009 506 1054 peragimus.

519 1109 759 1145 Conclusio
791 1109 934 1145 totius
965 1109 1128 1153 operis,

189 1211 276 1253 Hec
307 1213 414 1263 sunt,
449 1225 523 1266 que
556 1225 626 1254 nos
659 1212 708 1254 de
740 1212 987 1254 sanctissimi
1023 1211 1183 1265 patroni
1215 1211 1342 1253 nostri
1374 1211 1459 1253 divi
1489 1210 1599 1251 Lud-

48 1283 137 1337 geri
167 1282 252 1323 vita
285 1294 330 1324 ac
363 1283 678 1334 conversatione,
712 1283 933 1333 miraculis,
975 1282 1105 1337 signis
1146 1283 1186 1324 et
1218 1282 1438 1324 virtutibus
1470 1281 1598 1332 vobis,

45 1352 189 1406 optimi
221 1353 304 1395 eius
336 1342 558 1405 amatores,
605 1354 712 1396 tradi
745 1355 786 1395 in
835 1355 1044 1407 publicum
1077 1354 1202 1408 digna
1235 1353 1445 1404 duximus,
1496 1352 1599 1394 unde

45 1424 240 1465 nimirum
272 1425 438 1478 agnosci
470 1425 604 1479 datur,
647 1426 808 1480 quantis
850 1425 956 1479 apud
988 1426 1119 1466 Deum
1151 1424 1384 1466 sanctitatis
1416 1436 1484 1466 sue
1515 1436 1600 1466 me-

48 1494 140 1536 ritis
174 1495 394 1550 effulgebat
426 1530 434 1538 .
471 1529 479 1537 .
514 1530 523 1538 .
559 1530 567 1538 .

331 1567 510 1620 Explicit
540 1568 644 1610 liber
676 1568 725 1610 de
748 1568 845 1619 vita,
880 1567 1180 1610 conversatione
1213 1568 1254 1609 et
1284 1567 1458 1609 miracu-

188 1637 239 1679 lis
271 1637 520 1680 sanctissimi
557 1639 794 1681 confessoris
836 1640 957 1692 atque
998 1637 1201 1691 pontificis
1235 1638 1319 1680 divi
1350 1638 1460 1680 Lud-

188 1709 276 1763 geri
307 1708 637 1751 Monasteriensis
665 1710 832 1752 ecclesie
864 1708 1198 1763 prothoepiscopi‚
1232 1708 1274 1749 in
1308 1708 1460 1763 insigni

191 1780 436 1822 monasterio
466 1781 747 1823 Werthinensi
787 1794 833 1823 ex
865 1780 1137 1834 compluribus
1177 1779 1260 1821 eius
1292 1779 1461 1833 scripto-

190 1850 301 1892 ribus
342 1851 425 1892 iam
472 1852 514 1892 in
559 1852 709 1894 iustam
755 1852 968 1894 historiam
1016 1851 1200 1893 deducta.
1264 1851 1310 1892 In
1358 1863 1461 1892 anno

189 1921 353 1963 Domini
395 1921 631 1964 MCCCCC.
674 1934 750 1968 XV.
786 1922 947 1964 Colonie
994 1923 1035 1963 in
1083 1922 1242 1965 officina
1279 1922 1460 1963 literaria

191 1992 457 2047 ingenuorum
489 1994 707 2036 liberorum
740 1994 942 2046 Quentell.

192 2158 226 2201 1)
252 2157 447 2202 Hildigrini
482 2157 543 2192 der
568 2158 724 2202 Ji'ingere
759 2157 857 2192 starb
891 2158 960 2192 886
986 2157 1177 2192 December
1203 2158 1247 2192 21
1285 2157 1400 2201 (nicht
1424 2157 1493 2192 888
1516 2156 1603 2191 Juni

51 2217 116 2259 19;
142 2228 168 2251 s.
195 2217 330 2252 Ztschr.
357 2216 413 2251 fiir
439 2217 552 2252 westf.
580 2216 703 2252 Gesch.
730 2217 802 2251 und
828 2216 982 2251 Alterth.
1011 2216 1147 2251 XVIII.
1174 2217 1241 2251 241
1257 2215 1319 2260 ff.).

193 2276 229 2321 2)
254 2276 385 2310 Ausser
422 2275 489 2311 den
527 2277 565 2310 in
603 2275 663 2310 der
690 2276 767 2310 vita.
792 2276 862 2311 III.
901 2276 964 2310 lib.
989 2276 1037 2310 II.
1076 2275 1258 2310 erzahlten
1297 2275 1496 2316 Wundern,
1536 2285 1603 2309 von

52 2334 165 2370 denen
191 2334 274 2370 aber
300 2346 327 2369 c.
354 2337 410 2370 29.
438 2337 494 2370 34.
519 2336 575 2370 30¹.
601 2336 646 2370 37
672 2334 802 2376 fehlen,
829 2334 948 2370 finden
974 2335 1049 2369 sich
1074 2335 1185 2369 noch:
1214 2334 1425 2368 Miraeulum
1451 2333 1492 2368 de
1518 2344 1604 2378 quo-

52 2393 133 2429 dam
159 2404 237 2429 ceco
263 2394 304 2429 de
330 2394 518 2438 Egmunda
544 2422 551 2429 .
580 2421 587 2429 .
615 2394 726 2440 deque
752 2395 824 2428 alio
850 2405 927 2429 ceco
954 2393 996 2429 de
1014 2393 1184 2428 Gandavo
1210 2394 1251 2438 (s.
1277 2394 1311 2428 S.
1338 2394 1407 2428 229
1420 2392 1470 2438 f.),
1497 2393 1605 2427 mira-

51 2454 168 2489 culum
194 2453 236 2488 de
261 2453 431 2488 Brunrico
457 2453 662 2498 presbytero
689 2454 738 2497 (S.
765 2454 832 2489 232
847 2453 908 2498 ff),
935 2454 1040 2488 sowie
1066 2464 1138 2498 cap.
1165 2454 1210 2488 33
1237 2453 1277 2497 (s.
1303 2452 1417 2497 oben).

193 2513 229 2557 3)
254 2512 342 2548 Vita
367 2513 499 2558 rythm.
526 2513 588 2548 let.
616 2513 685 2547 ΙΙΙ.
712 2523 744 2548 v.
773 2513 863 2547 1147
878 2513 913 2547 ff.
942 2532 984 2537 —
1009 2513 1045 2557 4)
1072 2513 1127 2547 29.
1154 2512 1307 2555 August.
