1864 3213
53 328 151 371 690.

54 623 151 667 695.

58 921 155 963 700.

59 1216 154 1259 705.

62 1527 157 1569 710.

64 1822 158 1864 715.

65 2118 160 2161 720.

68 2414 164 2458 725.

405 160 501 203 Vita
534 160 685 216 rythm.
729 172 760 203 s.
792 158 989 214 Lindgeri
1019 151 1103 201 let(
1123 157 1155 199 I.

213 277 412 322 Liudgerus
438 277 534 312 illico
560 277 706 312 iubente
732 276 902 321 Gregorio

285 337 370 372 data
396 336 478 370 dum
505 337 664 380 collegit,
690 338 787 371 tres
813 345 1006 370 acervos
1032 333 1130 368 fecit.

213 396 265 431 Ad
292 396 378 430 haec
405 395 616 440 Gregorius:
668 395 762 437 ,Fili,
789 405 878 440 quae
904 393 967 429 dat
997 392 1180 434 Dominus,

284 456 400 490 tracta
426 455 614 500 sapienter,
642 454 757 489 dabit
783 455 899 489 satis
934 456 1091 498 semper‘.

213 515 408 560 Postquam
434 514 497 549 hec
523 514 672 556 dixerat,
699 515 872 558 signum
900 513 1050 548 crucis
1075 512 1212 552 fixerat,

285 577 495 609 caracterem
521 574 599 615 Dei,
626 575 664 609 in
690 573 806 608 fronte
833 572 1016 616 Liudgeri‚

213 634 261 669 Et
286 633 369 668 dum
395 633 614 675 discesserat,
641 632 840 677 Liudgerus
866 633 1074 673 surrexerat,

286 694 346 739 qui
372 692 454 727 dum
480 693 711 733 meminisset,
739 694 909 737 quantum
937 691 1158 732 somniasset,

215 752 326 788 Corde
351 752 552 787 humillimo
579 750 839 786 commendavit
864 751 1025 792 Domino,

286 811 387 847 modo
413 812 505 847 sicut
529 822 664 855 semper
688 813 791 845 caute
817 812 853 845 et
878 809 1083 855 prudenter.

216 871 349 906 Tamen
373 871 598 912 retulerat,
625 871 718 905 sicut
744 871 1041 911 somniaverat,

289 931 460 965 visionem
486 932 602 964 totam
628 928 790 964 faciendo
815 931 938 964 notam

217 989 404 1026 Custodi
429 989 736 1030 MarcheImo,
770 987 992 1022 Haddoni
1018 987 1275 1033 preposito,

287 1049 373 1084 viris
400 1048 502 1084 valde
529 1048 646 1094 probis
672 1050 709 1084 et
735 1049 926 1093 religiosis,

216 1108 265 1143 Et
282 1119 359 1143 cum
384 1109 455 1144 iam
481 1108 625 1149 diceret,
653 1107 746 1153 quod
771 1118 908 1142 sursum
935 1106 1138 1142 ascenderet

288 1168 362 1212 ipse
388 1168 554 1203 altiorem
581 1167 757 1213 quandam
786 1168 979 1212 regionem,

217 1226 281 1262 Ad
306 1227 416 1262 haec
441 1228 625 1262 continuo
651 1227 812 1261 March
827 1227 970 1261 elmus
996 1214 1196 1261 dominico

288 1288 434 1342 spiritu
456 1287 635 1329 imbutus
667 1299 721 1333 ita
746 1299 801 1333 est
825 1298 986 1332 locutus:

220 1358 343 1402 ‚Regio
368 1358 487 1399 alcior,
514 1357 589 1392 dico
616 1360 653 1393 et
678 1368 747 1392 non
777 1357 942 1398 mencior,

289 1418 361 1452 iam
386 1418 422 1452 in
450 1417 534 1452 celis
560 1415 684 1452 datum
709 1416 780 1452 fert
806 1417 1076 1462 episcopatu
1087 1419 1132 1450 m‘
1147 1416 1168 1450 ¹.

218 1477 306 1513 Cum
334 1479 370 1512 et
395 1477 459 1511 hoc
485 1477 629 1518 diceret,
661 1478 747 1522 quot
773 1487 913 1511 acervos
937 1475 1069 1510 faceret

289 1537 418 1571 iterum
445 1536 680 1570 Marchelmus
706 1535 942 1581 respondebat
967 1536 1100 1570 almus:

222 1596 342 1636 ‚Tres
367 1595 455 1630 facti
482 1594 678 1630 cumuli2
703 1597 777 1630 tres
807 1597 912 1630 erunt
937 1595 1068 1640 populi,

291 1666 377 1700 quos
402 1666 463 1700 per
487 1655 717 1699 temetipsum
743 1655 890 1699 colliges
916 1654 960 1689 ad
986 1654 1192 1690 Christnm‘.

222 1714 276 1749 At
308 1714 408 1749 ille:
460 1714 683 1756 ,Utinam
710 1714 845 1760 inquid,
875 1714 943 1757 ,hic
968 1713 1217 1759 perficiam

291 1773 470 1819 aliquid
494 1773 664 1808 bonorum
689 1774 830 1809 michi
856 1773 1145 1809 creditorum‘.

221 1832 270 1868 Et
294 1833 421 1878 cepit
436 1833 450 1853 3
475 1834 636 1878 protinus
662 1833 781 1868 time
796 1844 843 1868 re
869 1832 1054 1875 solliffitus,

293 1894 386 1927 esset
412 1892 503 1938 quod
529 1894 719 1938 preventus
743 1903 894 1937 magnus
920 1895 1003 1927 ante
1031 1894 1180 1937 tempus,

223 1952 385 1987 Salutem
410 1952 532 1997 populi
557 1952 636 1997 plus
662 1963 767 1998 quam
793 1953 961 1998 episcopii

292 2011 452 2047 ambiens
477 2012 644 2047 honorem
670 2012 806 2047 Christi
831 2023 892 2057 per
918 2022 1085 2053 amorem,

225 2070 365 2106 Sanctis
390 2071 572 2106 laboribus
597 2071 711 2115 magis
737 2082 843 2116 quam
868 2070 1059 2106 honoribus

294 2131 532 2165 humillimam
558 2133 713 2165 mentem
741 2130 872 2166 habens
899 2129 1157 2171 intendentem,

222 2189 298 2225 Hoc
322 2192 405 2225 ante
431 2191 550 2225 omnia
576 2190 719 2232 timens,
746 2189 837 2236 quod
864 2189 1096 2235 plebecula,

293 2250 564 2295 priusquam
590 2249 760 2289 discedat.
794 2260 864 2284 non
890 2248 1042 2294 perfecte
1068 2247 1199 2283 credat.

227 2307 296 2343 Sed
321 2320 477 2344 summus
502 2309 675 2344 Dominus
700 2308 878 2353 proximus
903 2307 1097 2343 humilibus

296 2368 547 2403 humiliantem
572 2379 608 2403 se
634 2368 808 2403 exaltavit
837 2366 880 2401 ad
906 2378 941 2402 se
952 2367 978 2409 4,

226 2426 319 2461 Nam
344 2426 472 2462 docent
496 2427 600 2462 hodie
627 2427 722 2462 facta
747 2437 808 2462 suo
834 2428 1001 2472 tempore.

298 2485 390 2531 quod
415 2487 590 2532 interpres
616 2497 717 2522 verus
742 2485 852 2521 fuerit
880 2485 1127 2527 Marchelmus,

18 2688 103 2721 sunt
130 2687 170 2721 T.
200 2707 242 2712 —-
270 2688 347 2724 719.
373 2700 434 2734 per
459 2700 521 2725 vor
545 2689 627 2724 XPI
653 2699 742 2725 corr.
771 2688 810 2723 T.

19 2910 56 2955 4)
82 2910 165 2945 Luc.
194 2913 224 2953 1,
251 2912 306 2946 52.

1473 153 1555 197 155

159 2627 236 2663 689.
264 2627 346 2663 ilico
375 2629 414 2664 T.
444 2649 487 2654 -
514 2630 592 2665 711.
617 2630 704 2665 iiber
728 2631 801 2664 tres
827 2629 1093 2674 nachyetragyen
1129 2628 1243 2669 certe;
1282 2627 1387 2661 orunt
1411 2636 1501 2661 corr.
1526 2626 1568 2660 in

162 2852 195 2897 1)
222 2853 309 2888 Vita
334 2854 402 2888 III.
442 2865 469 2888 c.
501 2855 552 2889 16.
594 2874 635 2878 -
674 2855 710 2900 2)
738 2854 824 2889 Vita
862 2853 890 2888 Ι.
928 2853 951 2888 l.
979 2863 1005 2888 c.
1048 2873 1088 2877 —
1127 2853 1164 2895 3)
1190 2852 1277 2887 Vita
1315 2851 1382 2887 111.
1420 2851 1442 2886 l.
1469 2862 1497 2888 c.
1524 2871 1566 2879 —--
