1801 3213
737 695 807 749 Β.

48 839 727 910 Mittelalterliche
760 841 1512 927 Wunderberichte‚

4 965 81 1003 die
112 965 208 1003 sion
238 966 288 1002 in
317 967 407 1003 den
439 966 612 1003 alteren
642 953 763 1002 vitae
803 965 952 1002 sancti
981 965 1199 1010 Liudgeri
1229 966 1358 1003 nicht
1387 967 1557 1004 finden.

755 1212 799 1258 1.

553 1326 647 1369 Aus
684 1328 757 1370 der
786 1327 892 1371 Hds.
931 1325 1002 1370 Ga.

148 1434 185 1474 1.
248 1431 351 1475 Cum
382 1432 540 1474 nullum
573 1433 627 1475 sit
657 1434 817 1487 tempus
857 1433 1094 1487 nullumque
1125 1434 1403 1486 momentum,
1451 1434 1554 1488 quod

1 1515 27 1546 a
58 1502 262 1546 benefieiis
308 1503 469 1546 divinae
515 1504 672 1558 gratiae
719 1504 1000 1559 transigaturb
1046 1516 1240 1555 vacuum,
1288 1504 1362 1547 hoc
1402 1505 1554 1557 tamen,

2 1574 107 1628 quod
138 1573 341 1617 modernis
371 1574 619 1628 temporibus
641 1574 796 1628 liquido
826 1574 969 1616 multis
998 1574 1202 1628 apparuit,
1234 1586 1404 1629 sequens
1425 1587 1555 1618 sermo

1 1644 240 1688 declarabit.

143 1715 192 1756 In
222 1728 327 1770 pago
359 1715 565 1771 Egmundi
583 1718 597 1741 ¹
637 1715 872 1770 parentibus
913 1715 1079 1769 quidam
1110 1715 1243 1758 editus
1275 1715 1416 1760 liberis
1447 1715 1555 1771 egri-

0 1785 158 1828 tudinis
189 1786 367 1829 nimiae'0
397 1787 501 1829 mole
534 1787 744 1841 depressus
766 1786 905 1839 iacuit,
937 1787 1013 1829 hoo
1044 1787 1106 1829 est
1136 1787 1182 1828 ut
1211 1787 1355 1829 vesicis
1385 1787 1556 1842 turgen-

0 1857 112 1899 tibus
142 1857 348 1900 oculorum
380 1870 448 1912 spe
489 1858 650 1911 penitus
690 1857 973 1912 deprivatusd‚
1020 1858 1136 1900 orbes
1181 1858 1360 1912 utrisque
1392 1858 1555 1901 cavatos

0 1927 211 1970 obtutibus
242 1928 459 1982 preferens,
492 1928 682 1983 nigrante
713 1929 787 1970 sub
809 1928 1010 1971 velamine
1040 1928 1169 1971 noctis
1199 1929 1330 1971 tetrae
1360 1928 1555 1971 similitu-

2 1998 141 2040 dinem
172 2011 315 2042 novem
348 1999 511 2042 duceret
531 1998 662 2041 annis.
726 1998 799 2041 Cui
830 1999 873 2041 in
902 1999 1053 2042 natalis
1078 1999 1245 2042 Domini
1275 2000 1392 2043 nocte
1423 2012 1555 2043 saero-

0 2070 158 2121 sancta,
191 2082 284 2112 cum
315 2070 498 2112 membra
528 2070 634 2113 fessa
665 2070 792 2124 quieti
830 2071 1094 2121 collocaret0‚
1136 2070 1302 2125 quidam
1332 2070 1554 2113 ammiran-

2 2139 78 2181 dae
109 2140 337 2183 claritatisf
365 2140 535 2184 clericus
563 2141 733 2193 cunctis,
765 2142 811 2183 ut
843 2141 922 2184 sibi
950 2142 1180 2194 videbatur,
1212 2141 1416 2196 pulchrior
1447 2154 1555 2184 mor-

0 2210 153 2253 talibus
174 2210 351 2262 adstitit,
385 2211 604 2254 baculumss
634 2213 829 2255 aureumll
860 2225 981 2255 manu
1002 2211 1244 2266 protendens
1265 2212 1413 2255 blande
1445 2212 1552 2255 hunc

0 2279 244 2335 alloquitur:
277 2294 347 2324 cur
377 2283 437 2324 ita
477 2282 640 2334 iaceret,
672 2282 916 2328 sciscitatur.
976 2283 1035 2325 At
1065 2282 1137 2325 ille
1167 2282 1398 2337 respondit:
1431 2282 1551 2336 ‚Quia

142 2417 159 2435 ²
182 2410 224 2445 in
251 2409 290 2445 T.
323 2410 359 2446 U
391 2411 432 2445 in
467 2410 525 2446 die
560 2412 636 2446 vita
658 2411 739 2446 III.
777 2412 837 2446 lib.
872 2411 928 2446 II.
957 2411 1230 2457 aufyenommen
1264 2411 1343 2446 und
1377 2411 1551 2448 zwischen

0 2477 30 2504 c.
55 2469 104 2503 36
127 2469 206 2503 und
229 2480 257 2504 c.
280 2471 331 2504 37
353 2470 555 2515 qeschoben‚
581 2481 607 2505 S.
636 2469 673 2505 S.
699 2473 768 2505 133
792 2482 828 2506 n.
847 2470 891 2515 d;
916 2471 970 2506 bei
988 2469 1086 2506 Oine.
1110 2470 1236 2514 finden
1251 2470 1328 2506 sich
1342 2469 1402 2506 die
1425 2469 1551 2506 beiden

0 2530 116 2562 ersten
141 2528 196 2562 als
220 2539 249 2563 c.
274 2530 319 2562 31
342 2528 404 2564 des
427 2529 574 2565 zweiten
592 2529 742 2564 Theiles.
771 2549 815 2554 —
841 2529 857 2555 b
884 2529 1126 2573 transsigatur
1153 2529 1192 2563 T.
1212 2549 1256 2554 —
1281 2536 1295 2555 0
1320 2529 1433 2564 nimia.
1457 2528 1550 2566 Msc.

0 2584 56 2620 ΙΙ.
82 2588 139 2621 12.
166 2606 210 2612 -
235 2586 254 2613 d
276 2586 440 2631 privatus
468 2588 507 2623 T.
535 2608 578 2614 -—
604 2596 619 2615 θ
645 2587 802 2624 dedisset
830 2588 869 2623 T.
891 2609 933 2614 —
960 2589 975 2614 f
995 2588 1161 2624 claritate
1188 2587 1226 2624 G.
1252 2607 1296 2614 —
1326 2596 1344 2623 g
1369 2587 1550 2624 baculum-

0 2653 68 2690 que
96 2644 136 2680 T.
163 2664 206 2670 -
231 2645 251 2672 h
274 2646 368 2683 Bon.
394 2658 422 2683 s.
448 2648 491 2683 h.-
521 2647 570 2682 in.

142 2800 176 2842 1)
202 2798 365 2844 Egmond
389 2800 426 2834 in
452 2799 708 2843 Nordholland,
740 2799 898 2836 bekannt
922 2799 1032 2836 durch
1056 2800 1134 2836 sein
1159 2800 1208 2835 im
1233 2800 1276 2835 X.
1302 2797 1550 2836 Jahrhundert

0 2855 162 2893 erbautes
186 2857 340 2894 Kloster.
