1864 3213
241 113 297 156 58
680 111 778 153 Vita
810 123 887 153 see.
922 123 953 151 s.
987 107 1184 163 Liudgeri
1215 107 1288 149 lib.
1321 106 1353 150 Ι.

384 243 414 278 7.
451 232 510 274 Ea
544 252 680 287 quoque
703 229 944 282 temPOStassfl
983 238 1014 274 G
1026 250 1043 273 r
1057 250 1075 273 e
1087 249 1111 283 g
1124 238 1207 273 orio
1256 235 1413 282 profecto
1457 234 1509 269 ad
1545 234 1577 268 D
1592 244 1611 268 o
1624 233 1792 268 minum

239 313 457 349 Albrieus
488 304 531 344 in
563 303 833 356 episcopatum
858 300 1117 342 suecessita1.
1152 298 1231 351 Qui
1255 296 1472 351 Gregorius
1504 294 1675 348 quantae
1705 294 1794 335 fue-

239 374 294 415 rit
325 374 552 428 probitatis,
585 373 620 415 si
652 373 740 426 quis
772 371 873 414 scire
905 371 1090 421 voluerit,
1132 369 1246 423 legat
1276 367 1476 415 libellum,
1510 387 1613 421 quem
1639 374 1794 419 Liudge-

238 467 298 490 rus
341 446 456 499 quasi
486 458 557 498 pro
589 443 909 486 remuneratione
941 441 1036 484 boni
1067 440 1295 495 magisterii
1326 439 1368 480 in
1390 438 1476 480 eius
1508 448 1794 479 commemora-

238 516 390 558 tionem
421 527 548 565 edidit,
576 516 617 556 in
650 528 727 568 quo
758 513 898 556 libello
932 514 972 554 et
989 514 1005 538 ²
1050 534 1102 563 ea,
1129 533 1217 568 quae
1243 521 1286 556 de
1322 521 1435 566 primo
1473 532 1488 554 s
1500 519 1624 554 ancti
1662 518 1751 552 Bon
1763 516 1794 550 i-

238 597 311 632 fac
322 599 357 633 ii
383 599 543 633 martiris
569 609 588 632 a
600 597 621 631 d
632 609 653 631 v
665 608 681 631 e
692 609 715 631 n
726 599 784 637 tu,
811 585 876 627 Vel
907 584 956 626 de
989 584 1073 626 eiUS
1094 582 1369 637 predicatione
1418 603 1438 626 a
1450 593 1498 636 tq
1511 601 1559 625 ue
1609 589 1741 624 ordin
1755 600 1794 624 a·

238 669 337 704 tione
394 660 444 701 ab
493 659 585 700 afflS
616 670 745 714 prete
759 668 891 702 rmiss
905 678 924 701 a
943 668 1102 707 noverat,
1120 665 1315 710 pulchro
1342 673 1544 698 sermone
1571 661 1795 706 conscrip-

238 730 298 764 sit
310 729 358 764 ¹03.
387 729 495 764 Porro
521 728 685 763 Albi-icus
711 739 774 762 ma
785 738 809 771 g
822 739 868 762 na
894 729 931 761 et
966 726 1111 770 speciali
1124 733 1138 750 0
1176 725 1328 759 caritate
1366 723 1393 757 L
1405 723 1417 756 i
1429 733 1451 756 u
1465 721 1485 756 d
1500 733 1524 766 g
1538 733 1556 756 e
1570 732 1657 756 rum
1684 720 1706 754 d
1717 721 1729 754 i
1740 720 1792 755 li-

238 811 335 844 gens,
380 803 496 843 quem
530 790 603 831 sub
636 789 832 843 magistro
865 787 1059 842 Gregorio
1098 785 1298 840 puericiae
1331 783 1508 826 sodalem
1540 781 1698 833 habuit,
1731 793 1795 823 so-

238 861 363 902 ciavit
395 873 485 902 eum
518 860 596 902 sibi
630 859 867 914 episcopalis
915 871 1032 901 curae
1079 857 1318 899 adiutorem.
1367 866 1544 900 Hortatur
1578 875 1661 909 ergo
1687 863 1795 899 eumd

237 931 288 965 ire
314 933 351 965 et
376 943 391 965 s
402 942 503 975 uper
529 942 545 965 0
556 942 575 965 0
588 943 604 965 r
614 942 635 975 p
648 942 671 965 u
684 943 699 965 s
725 929 933 965 confessoris
959 929 1096 964 Christi
1113 930 1294 963 incensam
1311 937 1474 972 reparare
1500 936 1546 960 ae
1558 936 1575 959 c
1585 935 1601 959 c
1616 924 1680 958 les
1691 924 1732 958 ia
1746 935 1793 970 m·

235 1002 365 1037 Paruit
391 1002 452 1037 ille
485 991 681 1033 citissime
733 1004 770 1036 et
806 1001 951 1036 veniens
977 1001 1022 1035 ad
1057 1002 1203 1045 locum,
1241 1011 1313 1035 cor
1326 1011 1410 1044 pus
1436 998 1614 1034 sanctie
1640 995 1794 1042 reperire

236 1073 306 1096 non
335 1062 460 1103 valuit,
488 1061 567 1096 sed
593 1063 748 1095 tamen
775 1061 811 1095 in
845 1061 1009 1105 spacio,
1047 1060 1141 1094 infra
1179 1059 1272 1104 quod
1308 1058 1433 1093 illud
1471 1069 1565 1093 esse
1604 1056 1792 1101 putavit,

236 1121 413 1156 edificium
441 1122 569 1165 cepit
595 1121 741 1165 erigere.
791 1121 904 1155 Nocte
930 1123 1050 1155 autem
1075 1119 1224 1154 adstitit
1249 1120 1282 1153 ei
1307 1120 1351 1153 in
1382 1119 1552 1153 visione
1580 1127 1700 1152 servus
1725 1115 1793 1150 Dei

236 1181 488 1215 Liafwinus
515 1181 685 1215 dicens:
714 1181 847 1222 ,Bene
873 1179 975 1214 facis
1014 1179 1250 1223 Liudgere
1286 1179 1452 1219 frater,
1492 1177 1584 1223 quod
1622 1177 1707 1211 haec
1734 1175 1792 1211 de-

235 1243 331 1276 serta
357 1239 563 1275 reedificass.
590 1239 761 1284 Corpus
786 1250 939 1280 meum,
967 1239 1086 1284 quod
1120 1240 1331 1284 quesisti‚
1374 1238 1454 1273 sub
1489 1238 1687 1273 australi
1713 1248 1793 1282 pa-

235 1301 358 1335 riete
385 1301 620 1334 humatum
644 1299 844 1344 repperies‘.
895 1298 995 1341 Quod
1020 1297 1100 1333 dum
1140 1309 1244 1333 mane
1283 1298 1547 1342 Liudgerus
1573 1299 1674 1332 iuxta
1700 1295 1793 1342 quod

234 1361 433 1395 revelatum
479 1359 628 1394 fueratg
663 1359 913 1399 invenisset,
953 1360 1222 1393 transvecto
1261 1358 1305 1392 in
1343 1360 1540 1392 austrum
1589 1356 1793 1398 edificio,

234 1431 363 1466 infra
390 1431 662 1466 aecclesiam
694 1419 968 1461 honorabilem
996 1432 1118 1464 sancto
1143 1430 1210 1464 Dei
1238 1430 1358 1474 posuit
1383 1428 1704 1474 sepulturamh4.

377 1503 408 1537 8.
436 1502 556 1546 Igitur
583 1501 666 1536 dum
691 1502 768 1536 illic
794 1501 881 1536 bene
907 1505 1034 1536 cuncta
1061 1501 1262 1546 disponeret
1299 1491 1419 1543 athe
1467 1489 1642 1530 mustum
1685 1487 1792 1530 Chri·

236 1562 381 1606 stianis
412 1562 496 1604 illis
514 1575 585 1604 sua
618 1562 881 1604 solaciaretur
912 1562 1126 1613 industria,
1159 1573 1315 1618 perrexit
1352 1572 1528 1607 Frisiam
1560 1583 1656 1606 cum
1683 1571 1794 1606 aliis

235 1646 368 1680 servis
393 1645 474 1680 Dei
501 1644 649 1679 iubente
668 1645 837 1679 antistite
864 1655 937 1686 suo,
970 1634 1004 1675 Si
1036 1634 1140 1675 forte
1171 1634 1229 1675 ibi
1252 1647 1368 1686 super
1397 1633 1497 1674 fidei
1529 1632 1680 1674 Christi
1701 1645 1792 1686 pos-

235 1706 296 1748 set
327 1706 531 1759 aliquibus
564 1705 744 1747 suadere.
778 1716 885 1750 Illick
912 1727 995 1760 ergo
1026 1718 1204 1759 paganos
1237 1704 1478 1758 asperrimos
1509 1704 1637 1746 tantis
1668 1717 1794 1758 argu-

234 1776 384 1818 mentis
417 1777 456 1818 et
487 1776 573 1817 tam
606 1777 814 1830 ingenioso
846 1776 1118 1818 moderamine
1151 1776 1374 1830 mitigavit,
1421 1777 1468 1817 ut
1507 1797 1571 1821 sua
1596 1787 1699 1821 illum
1726 1787 1793 1821 de-

235 1859 363 1894 lubra
390 1858 631 1893 destruere
658 1861 791 1889 coram
825 1848 950 1890 oeulis
971 1848 1218 1901 paterentur.
1254 1859 1445 1893 Inventum
1472 1859 1571 1892 vero]
1606 1859 1643 1893 in
1680 1858 1792 1892 fanis

235 1933 379 1962 aurum
411 1920 450 1960 et
481 1919 696 1973 argentum
734 1918 955 1972 plurimum
1003 1929 1167 1964 Albricus
1204 1919 1246 1961 in
1278 1920 1479 1962 aerarium
1511 1930 1605 1974 regis
1647 1931 1790 1973 intulit,

235 1990 452 2034 accipiens
478 1991 515 2023 et
540 1990 615 2033 ipse
641 1989 904 2033 precipiente
931 1989 1132 2024 Karolom
1156 1990 1356 2034 portionem
1384 2001 1425 2025 ex
1450 2002 1489 2025 eo
1504 1991 1529 2024 ⁵.

377 2049 408 2083 9.
436 2047 574 2083 Fecit
612 2050 763 2083 autem
801 2048 1021 2083 Albricus
1059 2049 1337 2093 Liudgerum
1376 2050 1683 2094 presbiterum
1709 2061 1790 2085 con·

234 2109 376 2149 secrari,
402 2118 496 2142 cum
522 2107 597 2152 ipse
623 2108 668 2142 in
695 2107 907 2142 civitate
941 2107 1139 2143 Colonia
1174 2110 1397 2154 episeopus
1430 2109 1665 2152 ordinaretur,
1693 2121 1792 2145 con-

378 2234 394 2252 a.
411 2226 669 2261 ea—successit
694 2237 739 2261 Ζιι
766 2224 854 2271 Gap.
875 2229 897 2261 6
921 2227 988 2262 Br.
1008 2247 1050 2252 —-
1076 2227 1093 2253 b
1120 2228 1439 2274 qui—conscripsit
1462 2230 1488 2273 f.
1515 2229 1581 2264 Br.
1607 2249 1651 2254 —
1678 2236 1692 2255 e
1717 2230 1792 2265 sin-

235 2286 355 2330 gulari
379 2286 444 2321 Br.
469 2286 519 2320 D.
547 2307 589 2310 —
617 2285 634 2311 <1
659 2297 739 2320 eum
764 2296 848 2330 ergo
873 2287 939 2321 Br.
968 2307 1011 2312 —
1038 2295 1052 2312 θ
1086 2290 1247 2322 sanctum
1271 2288 1321 2323 D.
1348 2288 1400 2324 H.
1425 2289 1491 2323 Br.
1520 2309 1562 2313 —
1588 2289 1603 2314 f
1624 2289 1664 2323 fr.
1694 2288 1727 2324 d.
1753 2289 1788 2324 h.

234 2344 463 2380 reaedificans
488 2345 553 2380 ΒΥ.
581 2365 624 2370 —
650 2353 667 2379 g
693 2345 716 2379 i.
741 2345 998 2380 revelationem
1024 2347 1070 2381 Α.
1111 2365 1154 2371 -
1191 2347 1210 2373 h
1235 2350 1266 2382 5.
1304 2347 1393 2382 Bild
1429 2348 1475 2383 A.
1505 2368 1548 2373 —
1574 2349 1584 2374 i
1608 2347 1714 2383 fidem
1738 2348 1788 2384 D.

236 2423 280 2428 —
306 2404 323 2429 k
348 2403 401 2438 ibi
430 2404 496 2440 Br.
524 2424 567 2429 ——
603 2404 614 2430 1
637 2405 666 2448 f.
691 2405 756 2439 Br.
786 2423 828 2428 —-
866 2412 893 2430 11¹
924 2405 1047 2440 Carolo
1071 2406 1121 2441 D.

378 2581 412 2626 1)
437 2580 525 2615 Vita
549 2581 578 2616 I.
604 2591 631 2615 0.
659 2582 714 2616 15.

376 2640 411 2685 2)
438 2640 520 2684 Vgl.
559 2639 721 2684 dag-egen
759 2640 816 2675 die
853 2641 1002 2676 unklare
1038 2640 1111 2676 und
1148 2641 1202 2677 oft
1238 2641 1559 2678 missverstandene
1593 2642 1704 2679 Stelle
1728 2642 1788 2679 bei

234 2697 370 2733 Altfrid
395 2709 423 2733 c.
448 2699 494 2734 30
517 2698 591 2733 und
614 2699 680 2734 vit.
706 2699 774 2734 ΙΙΙ.
801 2710 828 2736 0.
853 2700 911 2735 40.

375 2758 411 2803 3)
437 2757 524 2792 Vita
549 2758 577 2793 I.
605 2768 632 2793 c.
657 2760 714 2794 30.

374 2816 412 2861 4)
437 2816 524 2852 Vita
549 2817 578 2852 Ι.
604 2827 631 2852 0.
660 2819 714 2853 15.

376 2875 411 2921 5)
436 2875 520 2913 Vita
545 2876 574 2911 Ι.
600 2887 628 2911 0.
655 2878 709 2913 15.
