1864 3213
226 159 283 200 352
629 155 803 198 Altfridi
835 156 920 198 Vita
951 169 983 200 s.
1015 146 1213 211 Liudgeri
1244 155 1316 197 lib.
1349 155 1382 199 I.

223 276 296 317 ille
327 275 450 317 iussis
482 274 566 316 eius
598 274 774 316 libenter
805 273 1018 316 oboediens
1049 273 1274 326 baptizavit
1301 273 1344 315 in
1365 273 1453 327 ipsa
1483 272 1789 327 perturbatione

222 347 402 388 infantes
435 346 571 387 decem
606 346 646 386 et
677 346 765 387 octo
776 353 804 394 a,
838 344 907 397 qui
938 356 1076 386 omnes
1107 357 1246 397 nuper,
1279 345 1325 386 ut
1356 345 1518 386 fuerant
1548 344 1786 397 baptizatib‚

224 417 409 459 defuncti
439 417 535 458 sunt
567 416 742 469 exceptis
775 415 942 466 duobus,
989 427 1086 468 quos
1132 415 1276 457 beatus
1307 415 1562 469 Liudgerusc
1593 414 1787 456 redeunte

222 501 322 543 pace
354 501 446 530 cum
478 487 619 529 sancta
660 486 924 528 chrismatisd
963 485 1231 539 inpositionee
1270 485 1538 528 confirmavit.
1571 486 1661 540 Ipse
1693 498 1788 528 vero

223 559 404 610 Bernlef,
437 558 679 611 ubicumque
711 557 876 610 posteaf
920 565 1112 598 servum&
1157 556 1235 598 Dei
1268 556 1522 610 repperisset,
1556 556 1705 600 didicit
1735 557 1788 599 ab

222 643 269 673 eo
299 630 474 683 psalmos
506 630 547 670 et
577 629 620 669 in
651 641 716 679 ea,
750 640 870 681 quam
903 627 1164 681 acceperath,
1198 627 1506 669 inluminatione
1548 627 1785 681 permansit,

223 700 481 755 quoadusque
512 712 630 741 senex
652 700 692 740 et
712 700 855 752 plenus
878 698 1035 740 dierum
1067 698 1252 740 obiisseti
1284 699 1326 739 in
1361 711 1471 752 pace.
1504 698 1632 750 Quem
1665 699 1786 741 cumk

223 772 463 814 morientem
496 783 592 813 uxor
638 783 710 812 sua
741 770 895 812 flendol
941 769 1224 824 interrogaret,
1273 770 1450 823 qualiter
1497 779 1651 823 superm
1693 782 1786 812 eum

224 843 361 885 vivere
391 842 603 895 potuisset,
636 840 844 894 respondit
877 840 1037 882 dicens:
1071 840 1129 891 ,Si
1155 852 1228 894 ego
1261 853 1285 881 a
1315 841 1489 883 Domino
1521 841 1676 894 aliquid
1708 841 1787 882 im-

222 915 382 968 petrare
414 914 563 967 potero,
596 913 688 966 post
717 925 854 953 meum
885 911 1040 953 obitum
1072 923 1150 953 non
1182 911 1303 966 longo
1334 913 1513 965 tempore
1545 911 1588 952 in
1618 912 1693 954 hoc
1724 924 1790 954 se-

223 985 313 1027 culo
346 984 424 1026 eris
455 984 641 1028 victura‘.
673 985 888 1038 Dumquen
920 997 1018 1026 sana
1050 984 1091 1025 et
1120 984 1358 1026 incolomis0
1388 985 1494 1026 hanc
1517 985 1602 1026 eius
1623 997 1788 1038 respon-

223 1056 378 1098 sionem
409 1055 602 1106 audisset,
637 1055 701 1098 die
733 1057 898 1097 autemp
931 1054 1257 1109 quintodecimoq
1289 1054 1496 1097 moriendo
1518 1056 1679 1097 secutar
1709 1056 1786 1097 est.

367 1139 436 1180 27.
469 1138 563 1180 Alio
595 1150 748 1192 quoque
780 1139 960 1191 tempore
994 1137 1090 1178 dum
1130 1138 1234 1178 esset
1266 1138 1409 1179 beatus
1440 1137 1692 1192 LiudgerusS
1725 1149 1788 1179 se-

224 1223 294 1252 cus
328 1222 437 1251 mare
484 1209 527 1250 in
558 1209 667 1259 loco,
717 1209 785 1262 qui
823 1209 990 1250 vocatur
1030 1207 1316 1259 Werthinat1,
1358 1208 1428 1250 ubi
1458 1208 1544 1262 ipse
1576 1208 1684 1251 sibiu
1714 1209 1789 1251 he-

223 1281 399 1322 reditate
431 1281 601 1334 paterna
632 1280 855 1322 construxit
902 1279 1153 1330 aecclesiam,
1200 1280 1384 1321 terribile
1432 1279 1537 1321 vidit
1569 1280 1785 1331 somnium,

225 1352 331 1405 quod
363 1364 532 1393 narrans
564 1351 848 1405 Heriburgaev
891 1351 1018 1392 sorori
1050 1362 1144 1392 suae
1178 1350 1303 1391 dixit:
1339 1350 1451 1401 ‚Vidi
1482 1363 1552 1404 per
1584 1350 1786 1392 somnium

223 1422 339 1477 quasi
371 1422 495 1464 solem
527 1422 755 1476 fugientem
789 1435 909 1475 supra
941 1434 1052 1463 mare
1084 1434 1107 1462 a
1139 1421 1324 1474 partibus
1356 1421 1555 1475 aquilonis
1587 1422 1627 1463 et
1658 1422 1789 1463 nubes

222 1493 455 1535 teterrimas
488 1493 713 1547 sequentes.
763 1492 841 1545 Qui
886 1493 1050 1547 fugiens
1096 1505 1144 1534 ac
1186 1492 1375 1534 deficiens
1406 1492 1670 1545 pertransivit
1699 1505 1787 1544 nos,

224 1565 284 1606 ita
315 1565 362 1606 ut
394 1565 608 1618 elongatus
639 1576 664 1605 a
695 1564 807 1606 nobis
840 1563 968 1606 videri
1003 1576 1083 1605 non
1104 1564 1241 1617 posset
1263 1564 1303 1605 et
1325 1563 1535 1618 caligines,
1568 1576 1670 1617 quae
1692 1576 1785 1606 eum

223 1636 387 1678 fuerant
417 1636 591 1687 secutae,
623 1635 886 1677 obtinuerunt
916 1635 1051 1677 omnia
1080 1635 1167 1677 loca
1189 1635 1289 1676 haec
1310 1634 1530 1678 maritima.
1561 1635 1660 1677 Post
1679 1634 1790 1676 mul-

223 1708 312 1748 tum
344 1719 437 1748 vero
468 1706 661 1759 temporis
692 1718 876 1748 reversus
909 1707 971 1748 est
1002 1706 1061 1748 sol
1092 1707 1225 1748 minor
1257 1707 1298 1747 et
1318 1706 1523 1759 pallidior,
1542 1719 1662 1760 quam
1684 1706 1788 1748 fuis-

225 1779 287 1820 set
317 1777 442 1831 prius,
477 1777 754 1832 effugavitque
775 1776 974 1832 caligines
1006 1778 1120 1818 trans
1152 1780 1291 1818 marest
1325 1777 1379 1819 Et
1409 1777 1508 1819 haec
1540 1777 1678 1820 dicens
1708 1777 1788 1818 hu-

225 1849 410 1892 bertimW
440 1849 586 1891 faciem
620 1862 735 1891 suam
768 1849 995 1904 inrigavitx
1026 1849 1219 1891 lacrimis.
1268 1848 1397 1901 Quem
1429 1848 1524 1889 dum
1559 1861 1667 1890 soror
1698 1848 1786 1890 eius

225 1920 390 1962 flentem
422 1920 644 1972 cernerety,
677 1920 791 1962 flevit
822 1922 863 1961 et
885 1920 972 1973 ipsa
996 1920 1158 1962 dicens:
1193 1908 1314 1972 ,Quid
1347 1919 1425 1961 sibi
1456 1919 1546 1961 vult
1575 1919 1650 1961 hoc
1681 1932 1785 1961 som-

229 1992 389 2033 01111119ι
424 1991 499 2033 Cui
530 1991 601 2033 ille
633 1991 862 2045 respondit:
897 1991 1116 2041 ,Venturae
1147 1992 1242 2033 sunt
1263 2004 1287 2033 a
1316 1989 1619 2033 NordmannisZ
1649 2002 1789 2044 perse-

368 2159 384 2177 a
409 2150 544 2186 XVIII.
570 2151 648 2185 mzcl
665 2151 822 2186 darnber
840 2149 957 2185 decem
983 2152 1021 2184 et
1039 2152 1117 2184 octo
1135 2150 1193 2194 L,·
1217 2149 1413 2185 octodecim
1431 2149 1525 2184 Bozl.
1554 2168 1597 2173 —
1623 2148 1640 2173 b
1664 2147 1787 2193 bapti·

226 2210 299 2245 zati
323 2209 466 2245 fuerant
490 2210 611 2254 baptiz
636 2221 726 2246 corr.
751 2211 793 2244 in
817 2209 995 2254 baptizati
1020 2209 1165 2244 fuerant
1196 2209 1253 2244 W.
1273 2230 1317 2234 —-
1343 2217 1357 2235 0
1383 2209 1492 2252 Lutg.
1517 2208 1574 2243 W.
1593 2228 1635 2232 —
1663 2207 1680 2233 d
1698 2208 1790 2242 cris—

225 2270 335 2304 matis
361 2269 418 2303 W.
446 2290 489 2293 —
516 2277 530 2295 e
556 2269 724 2303 unctione
744 2268 801 2303 W.
827 2289 870 2293 —
892 2268 907 2294 f
928 2269 955 2312 f.
988 2268 1044 2303 W·
1074 2289 1118 2294 —
1136 2277 1154 2302 g
1179 2268 1294 2303 virum
1321 2268 1378 2303 W.
1404 2288 1448 2292 —
1473 2268 1492 2293 h
1517 2268 1697 2312 receperat
1723 2267 1781 2302 W.

226 2348 271 2353 —
295 2329 305 2354 i
330 2328 447 2363 obiret
477 2328 533 2363 W.
554 2348 598 2353 ——
622 2328 641 2353 k
670 2327 753 2362 dum
778 2328 833 2363 W.
854 2348 897 2352 —
923 2328 932 2353 l
957 2328 1103 2362 flentem
1127 2327 1183 2363 W.
1215 2349 1258 2353 —
1288 2336 1315 2353 111
1332 2329 1414 2373 post
1436 2326 1493 2362 W.
1518 2347 1560 2351 —-
1587 2335 1605 2352 11
1635 2337 1784 2372 cumque

225 2389 321 2423 Bon.
340 2407 384 2412 ——
411 2395 425 2413 0
452 2387 638 2421 incolumis
669 2387 726 2422 W.
754 2408 797 2412 —
822 2395 840 2419 P
865 2388 893 2431 f.
918 2387 985 2430 W;
1011 2398 1090 2421 eum
1116 2386 1172 2421 die
1191 2387 1284 2422 Bon.
1313 2408 1356 2412 —
1387 2395 1404 2419 q
1429 2386 1506 2421 XV.
1524 2386 1602 2421 und
1626 2386 1791 2422 daruber

227 2446 488 2492 quintodecimo
526 2446 582 2489 L,·
619 2446 701 2481 XII.
728 2447 774 2482 B.
805 2467 847 2471 -
873 2455 886 2472 r
911 2446 1098 2481 subsecuta
1130 2446 1186 2481 W.
1222 2467 1265 2471 -—
1300 2455 1313 2472 S
1338 2446 1449 2490 Lutg.
1481 2446 1538 2480 W.
1566 2465 1609 2469 -—
1634 2446 1648 2470 t
1672 2445 1740 2480 das
1765 2447 1784 2479 t

226 2506 299 2549 auf
317 2506 443 2540 Raszcr
469 2506 524 2549 L‚·
550 2505 719 2540 Werdina
751 2506 816 2548 ΠΕ
854 2506 998 2540 Werina
1025 2506 1071 2540 B.
1101 2506 1136 2541 C.
1168 2506 1204 2541 J.
1230 2505 1280 2542 K.
1307 2506 1373 2549 M‚·
1410 2504 1539 2539 Werna
1565 2504 1610 2538 N
1630 2515 1666 2538 u.
1690 2514 1782 2539 corr.

224 2567 267 2600 in
292 2564 435 2599 Werina
464 2565 514 2607 T‚·
539 2565 712 2600 Weneren
738 2576 844 2610 prope
862 2565 1081 2609 Asscondorp
1109 2577 1142 2600 α.
1161 2565 1207 2599 R.
1228 2565 1267 2599 T.
1295 2584 1333 2590 —
1358 2572 1377 2590 11
1405 2576 1430 2599 s.
1458 2564 1495 2598 in
1525 2563 1554 2598 S
1582 2583 1625 2587 -—
1650 2571 1668 2588 V
1692 2574 1787 2598 corr-

224 2626 265 2659 in
290 2623 475 2667 Herburge
508 2623 564 2658 W.
591 2644 634 2648 —
660 2633 683 2649 W
709 2624 863 2659 ubertim
896 2624 953 2659 W.
979 2624 1007 2659 S
1032 2624 1108 2659 mul
1145 2635 1235 2659 corr.
1262 2624 1306 2658 L.
1336 2644 1379 2647 —
1410 2631 1427 2648 x
1452 2622 1622 2666 irrigavit
1653 2622 1709 2657 W.
1737 2641 1782 2646 —

225 2683 411 2735 ynflentem
438 2694 532 2717 soror
562 2693 625 2718 sua
663 2684 880 2728 conspiceret
904 2683 967 2718 W.
1010 2703 1051 2707 ——
1090 2691 1103 2708 Ζ
1130 2682 1390 2716 Norhtmannis
1421 2682 1485 2725 W,-
1522 2681 1787 2716 Northmannis-

225 2743 352 2778 Leibn.
381 2743 500 2777 Pertz.

370 2916 403 2959 1)
429 2914 598 2955 Wierum,
618 2913 814 2948 sudostlieh
831 2924 899 2948 von
913 2913 1094 2955 Krassum,
1114 2913 1151 2948 in
1166 2911 1458 2953 Westfriesland;
1478 2911 1550 2956 vgl.
1571 2910 1605 2946 S.
1625 2912 1668 2946 12
1686 2910 1725 2946 A.
1746 2911 1783 2945 1.
