1864 3213
250 183 332 226 178
657 181 753 222 Vita
784 181 934 235 rythm.
977 194 1007 224 3.
1041 181 1236 235 Liudgeri
1266 181 1336 223 let.
1370 182 1401 223 Ι.

460 299 639 342 Credunt
670 299 752 340 iam
786 298 897 348 socii,
930 310 1014 339 esse
1047 298 1110 339 s'ui
1142 298 1295 339 domini

273 372 398 415 1410.
534 371 833 424 cooperatoxem
867 369 1009 410 mundi
1041 371 1276 420 creatorem,

459 443 513 484 Et
545 454 701 484 summo
734 440 866 482 studio
899 441 1018 493 atque
1050 441 1159 481 omni
1192 441 1327 483 auimo

527 526 598 566 pro
630 510 911 564 improperatis
941 511 1182 553 laborabant
1215 511 1327 554 satis.

458 584 568 626 Dum
600 583 829 624 laboratum
863 582 924 623 est
957 583 997 623 et
1023 582 1126 623 dum
1158 583 1437 635 prosperatum
1470 583 1544 633 est,

528 655 637 695 Deus
669 660 788 706 quam
821 653 1014 706 provexit,
1049 653 1265 694 Werthina
1297 654 1482 705 surrexit⁷

271 727 398 769 1415.
459 726 554 769 Jam
587 723 824 765 habitabilis
856 724 1100 778 regulaeque
1132 723 1293 775 habilis,

530 797 561 837 si
595 795 675 836 iam
708 795 967 844 haberentur,
999 795 1067 848 qui
1099 795 1202 836 hanc
1235 796 1518 848 sequerentur:

459 867 512 909 Et
544 878 700 918 semper
732 865 921 918 providus
954 865 1182 919 Liudgerus
1215 866 1256 906 in
1289 867 1474 908 omnibus

529 950 599 990 per
632 949 672 977 se
705 936 968 986 enutritos,
1004 949 1072 989 per
1105 949 1146 978 se
1180 937 1358 978 eruditos

458 1008 601 1049 Plures
634 1007 829 1061 ingenuos
862 1019 1112 1061 congregans
1145 1007 1468 1060 discipulos,

270 1081 394 1123 1420.
530 1079 708 1133 regulari
742 1078 789 1118 de
822 1091 862 1119 re
895 1080 1055 1131 ceperat
1088 1079 1360 1128 suadere13

460 1149 537 1193 Sed
570 1150 648 1190 ista
681 1150 812 1190 suasio
844 1161 921 1189 non
965 1149 1134 1201 profecit
1166 1149 1299 1190 subito

527 1221 576 1262 ob
608 1219 789 1261 infirmas
824 1221 978 1261 mentes
1011 1220 1195 1274 regulam
1230 1221 1432 1263 timentes.

459 1293 516 1334 At
548 1292 618 1333 1110
651 1292 828 1345 paciens,
861 1291 1086 1332 suasionem
1120 1291 1322 1341 differens,

516 1360 696 1405 'eredens
730 1375 818 1403 earn
852 1362 936 1403 Deo
969 1363 1100 1416 magis
1134 1375 1256 1414 quam
1294 1362 1507 1417 Liudgem,

270 1435 394 1477 1425.
457 1434 517 1476 Ex
548 1434 657 1475 omni
689 1433 823 1474 animo
855 1433 1244 1474 commendavit
1275 1433 1460 1484 Domino,

528 1505 574 1546 ut
605 1504 898 1558 inspiravisset‚
937 1503 1128 1557 quicquid
1161 1504 1376 1554 voluisset;

460 1575 673 1617 Commisit
704 1575 828 1617 etiam
860 1575 1040 1631 omnium
1081 1576 1318 1618 custodiam.

528 1646 857 1701 Hildigrimo
888 1646 1020 1696 fratri,
1055 1646 1306 1689 Gerfrido
1343 1647 1535 1700 nepoti.

460 1717 527 1760 Sic
558 1718 677 1759 rebus
709 1717 884 1771 singulis
916 1717 957 1758 in
986 1716 1146 1759 Christo
1178 1717 1385 1770 dispositis

269 1790 395 1832 1430.
532 1788 584 1829 ad
617 1801 657 1830 se
689 1788 939 1841 requirentes
971 1789 1032 1829 est
1063 1801 1248 1830 reversus
1280 1790 1435 1843 gentes.

364 1872 419 1906 28.
458 1859 536 1902 Sed
568 1872 646 1900 non
679 1859 845 1901 silencio
878 1859 1011 1900 danda
1043 1860 1150 1910 sunt,
1188 1859 1258 1900 sed
1291 1859 1460 1912 cantico,

529 1928 678 1974 quedam
705 1929 769 1963 sub
795 1929 935 1973 prefata
961 1929 1084 1964 arbore
1109 1931 1267 1964 narrata.

458 1999 530 2034 Sub
557 2010 637 2043 qua,
672 1989 718 2030 ui]
750 1989 924 2030 diximus
942 1991 967 2041 ²,
1002 2001 1056 2034 vir
1085 2000 1180 2034 sedit
1206 2000 1464 2042 sanctissimus,

528 2052 753 2103 Othelgri
764 2070 857 2093 mus
884 2070 965 2093 vero
991 2060 1098 2094 stetit
1127 2070 1243 2094 coram
1269 2070 1320 2102 eo,

269 2120 394 2162 1435,
456 2117 650 2161 Quidam
676 2117 906 2162 probissimus
931 2118 1026 2152 inter
1052 2130 1131 2152 suos
1157 2118 1353 2159 clericus,

528 2176 611 2211 inde
637 2177 709 2210 iam
736 2187 926 2220 regressus,
953 2187 1039 2222 quo
1066 2177 1224 2212 fuerat
1249 2177 1388 2212 missus.

456 2235 488 2271 A
514 2247 581 2281 quo
608 2235 691 2269 dum
717 2237 892 2280 quereret,
918 2236 1020 2280 quid
1047 2236 1097 2271 de
1124 2237 1217 2271 loco
1244 2235 1389 2277 diceret,

527 2293 700 2340 quomodo
723 2294 880 2339 'placeret
906 2295 1011 2337 locus,
1039 2306 1140 2340 quem
1168 2295 1317 2337 videret,

458 2354 550 2388 Ille
576 2354 762 2388 continuo:
813 2354 868 2394 ,In
894 2356 1043 2388 vestro
1073 2355 1271 2399 conspicio‘,

270 2415 395 2457 1440,
527 2413 658 2458 inquit,
686 2413 800 2454 ,vultu
826 2412 1009 2447 Christum
1036 2424 1109 2448 esse
1135 2414 1191 2448 hic
1217 2413 1408 2448 vobiscum.

457 2471 597 2512 Locus,
624 2483 727 2516 quein
754 2471 903 2512 video,
930 2473 1025 2506 certe
1050 2471 1167 2515 placet
1193 2471 1291 2513 adeo,

529 2530 613 2575 quia,
639 2532 780 2564 constat
805 2541 882 2564 eum
911 2530 1078 2574 eligisse
1104 2530 1250 2576 Deum3

457 2589 549 2624 Nam
576 2589 752 2633 speciosus
779 2591 834 2623 est
860 2591 897 2623 et
923 2589 1103 2624 monachis
1129 2588 1240 2623 bonus
1266 2591 1323 2624 est

528 2649 565 2682 et
590 2647 757 2681 inventus
783 2648 852 2682 rite
878 2648 1036 2692 spiritali
1063 2648 1185 2683 vitae‘.

391 2754 491 2788 1420.
518 2763 592 2797 reg.
619 2752 661 2787 de
687 2764 723 2787 re
748 2764 836 2788 corr.
867 2754 905 2787 T.
941 2773 985 2778 —-
1024 2754 1126 2788 1441.
1153 2765 1243 2789 corr.
1269 2754 1311 2788 in
1336 2753 1414 2788 ideo
1442 2753 1481 2788 Τ.
1510 2773 1552 2777 —
1582 2752 1683 2787 1443.
1709 2762 1802 2787 corr.

246 2814 288 2848 in
313 2812 562 2857 monachisque
590 2812 630 2846 T.
656 2832 700 2836 —
728 2812 831 2847 1444.
857 2823 948 2847 corr.
974 2823 1042 2847 crus
1067 2813 1244 2857 spiritalis
1273 2812 1311 2847 T.

391 2932 425 2973 1)
451 2929 523 2964 Aus
549 2929 628 2964 dem
647 2929 825 2973 ,Privileg.
852 2948 895 2953 —
921 2930 957 2974 2)
983 2929 1026 2964 V.
1054 2929 1144 2964 1403
1162 2929 1186 2964 f.
