1864 3213
415 174 514 216 Vita
545 174 695 228 rythm.
731 187 761 215 s.
796 173 990 228 Liudgeri
1027 174 1097 215 let.
1135 173 1167 214 I.
1489 173 1573 215 137

176 290 209 333 Ο
241 291 501 334 beatissimus
534 292 609 341 vir,
644 291 713 344 qui
744 291 1053 333 inmunissimus

43 362 114 405 20.
226 374 295 403 ens
328 362 553 415 impietatis
586 362 720 404 sedem
764 362 869 404 sedit
900 362 1031 416 pacis!
1074 360 1332 416 Kyrieleison
1363 361 1480 404 imas.

179 432 213 475 Ο
245 433 314 486 qui
345 433 538 475 altissimi
568 433 797 486 predicator
829 433 1005 484 Domini,

227 504 279 546 ad
311 516 429 558 quem
460 503 686 557 predicavit
717 504 800 544 alte
831 503 913 544 iam
936 504 1129 546 intravit!
1162 504 1421 559 Kyrieleison
1452 504 1571 546 imas.

176 574 209 617 Ο
241 588 360 630 quem
393 575 451 617 sic
489 576 689 625 sanxerat,
723 576 780 617 sic
812 574 1147 628 magnificaverat

227 646 350 697 Deus,
383 646 430 686 ut
460 646 617 695 fuisset,
659 645 728 699 qui
759 645 803 686 in
834 645 964 687 celum
998 645 1117 687 isset!
1165 645 1421 701 Kyrieleison
1452 646 1572 688 imas.

42 716 114 759 25.
176 715 210 759 Ο
242 717 326 758 toto
357 717 518 770 pectore
550 716 773 758 voluntatis
804 716 994 769 optimae,

226 788 302 829 tali
333 788 446 830 scuto
477 788 579 829 bono
611 788 822 829 coronatus
854 787 994 829 homo!

177 858 210 900 Ο
241 859 319 900 Dei
351 858 503 914 gracia,
536 859 683 900 honore
715 859 755 899 et
787 858 917 912 gloria

226 931 428 971 modicum
461 929 620 984 angelis
651 930 732 970 iam
756 930 886 970 minor
918 929 961 970 in
993 929 1145 971 celis1!

178 1000 211 1043 Ο
242 1001 285 1042 in
317 1001 572 1043 sanctissimo
605 1001 671 1054 qui
703 1000 870 1042 confidit
901 1000 1087 1051 Domino,

41 1071 114 1115 30.
226 1072 339 1114 cuius
370 1071 570 1125 templum
602 1071 758 1113 caelum
792 1071 874 1112 iam
906 1071 1128 1125 assumpsit
1159 1073 1268 1113 eum!

179 1141 212 1184 O
244 1142 330 1184 sine
363 1142 536 1192 macula,
570 1154 661 1183 cum
693 1142 802 1183 omni
840 1142 1017 1193 iusticia,

227 1215 368 1256 nactor
400 1226 663 1267 supernorum
696 1212 1077 1254 tabernaculorum!

178 1284 210 1327 Ο
243 1286 372 1327 virtus
405 1285 584 1335 Domini,
618 1284 732 1326 cuius
763 1285 902 1326 sancto
935 1284 1089 1337 presuli

229 1369 387 1398 summo
419 1356 591 1398 salutari
623 1356 764 1397 datum
797 1357 857 1398 est
888 1355 1028 1396 letari!

44 1427 116 1471 35.
179 1426 212 1469 Ο
244 1440 358 1469 mons
391 1427 459 1481 qui
491 1426 714 1478 scanditur,
747 1439 768 1468 0
798 1426 921 1477 locus,
957 1439 1033 1480 quo
1071 1426 1247 1468 stabitur
1266 1430 1293 1479 ²,

229 1512 251 1541 ο
283 1499 425 1540 beatus
458 1499 575 1540 homo
609 1498 757 1552 dignus
789 1497 867 1539 Dei
899 1497 1044 1539 domo!

179 1569 212 1612 O
245 1570 539 1624 protectissime
572 1570 619 1611 de
652 1570 743 1611 cetu
774 1569 975 1620 maliciae,

231 1641 279 1683 de
310 1641 438 1683 hostis
469 1642 626 1692 timore,
662 1641 822 1682 Christo
856 1641 1063 1693 ereptore!

181 1711 214 1754 Ο
247 1712 315 1766 qui
346 1712 556 1767 ymnisona
592 1712 901 1764 circumspectat
933 1711 1038 1752 atria

43 1784 118 1826 40.
226 1783 392 1834 visionis
424 1783 534 1836 pacis
566 1795 690 1837 regno
722 1782 800 1823 Dei
832 1782 988 1835 patris!

183 1853 216 1896 Ο
249 1854 480 1905 delectacio,
514 1854 627 1896 cuius
660 1853 841 1906 oper-acio

232 1925 328 1967 olim
360 1925 604 1975 merebatur,
637 1924 741 1978 quod
773 1924 855 1965 iam
888 1924 1136 1965 delectatur!

180 1996 213 2039 Ο
246 1997 344 2038 felix
375 1996 520 2047 incola,
554 2008 629 2049 quo
662 1995 823 2038 celestis
856 1995 966 2036 curia

232 2068 398 2122 gaudet,
432 2080 453 2109 o
485 2067 700 2121 Liudgere,
733 2066 815 2108 tuis
847 2066 1059 2108 miserere!

47 2139 119 2183 45.
181 2141 243 2182 Dc
273 2141 314 2182 te
347 2139 560 2190 laudabili,
594 2140 642 2181 de
674 2139 714 2180 te
746 2138 1001 2180 memorabili

232 2211 324 2265 plus
356 2210 426 2264 qui
457 2210 558 2252 velit
590 2210 705 2257 scire,
738 2209 840 2251 velit
872 2209 961 2262 plus
994 2208 1146 2251 audire.

183 2283 292 2324 Nam
324 2283 418 2323 tuus
450 2282 632 2323 servulus
665 2294 739 2335 ego
771 2281 934 2334 quidam
967 2280 1160 2333 parvulus

233 2353 362 2395 vitam
394 2355 507 2395 tuam
541 2352 648 2394 clare
681 2352 781 2394 vado
814 2352 1041 2401 decantare,

182 2423 241 2466 Ut
271 2423 536 2479 ingeniolum,
569 2423 765 2477 quantum
799 2422 922 2473 valet,
956 2421 1179 2463 Dominum

50 2495 123 2539 50.
237 2495 382 2537 intimo
414 2495 463 2536 de
495 2494 613 2536 corde
644 2495 729 2535 toto
760 2493 902 2535 laudet
934 2493 1041 2535 orbe.

185 2566 218 2608 Ο
250 2566 378 2609 Jhesu
410 2565 594 2616 Domine,
627 2578 648 2607 0
680 2564 748 2618 qui
780 2565 881 2606 bono
912 2563 1044 2605 omine

233 2637 342 2678 indis
375 2636 640 2688 voluntatem,
673 2636 778 2678 adde
810 2635 1065 2685 facultatem,

164 2754 221 2789 30.
245 2753 419 2798 templum
444 2763 533 2788 corr.
562 2753 602 2789 T.

167 2919 202 2964 1)
227 2919 286 2954 Ps.
311 2918 344 2960 8,
371 2919 402 2954 6.
431 2937 475 2944 —
501 2918 536 2963 2)
562 2918 619 2952 Ps.
647 2918 703 2960 23,
728 2918 769 2958 3;
795 2917 853 2958 42,
879 2916 916 2952 3.
