1864 3213
237 150 320 193 154
633 151 730 194 Vita
762 151 913 206 rythm.
954 164 984 193 s.
1023 151 1218 207 Liudgeri
1248 152 1317 196 let.
1350 152 1380 196 Ι.

443 267 544 304 Unde
570 270 607 304 et
632 268 663 303 K
672 279 692 304 a
702 280 718 304 r
728 269 837 310 olus,
864 267 980 303 tribus
1005 267 1110 303 factis
1135 280 1157 314 p
1165 279 1184 304 a
1193 281 1210 304 r
1218 268 1326 312 tibus,

283 316 380 361 650.
512 327 710 363 tertiam
735 328 847 363 amico
873 329 1046 373 partem
1072 327 1136 363 dat
1166 327 1350 365 Albrico.

444 387 473 422 A
487 387 657 422 lbricus
684 387 793 422 etiam
819 389 941 432 postea
966 386 1195 423 Coloniam
1208 389 1221 408 ¹

514 446 592 482 ibat
617 457 694 481 cum
720 446 896 491 Liudgero
927 447 1180 483 consecrandus
1203 447 1290 485 Deo.

442 505 470 540 E
479 517 499 551 p
508 506 544 541 is
556 516 572 540 c
581 517 600 540 o
610 517 632 551 p
641 517 661 540 a
672 505 765 541 libus
807 506 1114 542 benedictionibus

513 565 564 599 ibi
590 566 806 606 confirmato,
832 565 884 600 ibi
909 565 1111 608 sublimato,

283 613 380 657 655-
443 624 572 660 Factus
598 626 652 659 est
676 625 811 669 pariter
836 636 853 660 e
865 627 881 660 t
906 625 934 660 L
946 625 1104 671 iudger
1115 637 1155 660 us
1180 636 1253 670 pre
1264 624 1354 660 sbit
1366 636 1419 668 er,

514 685 550 719 et
576 684 625 719 sic
651 684 754 719 ambo
780 695 860 719 suas
885 684 1035 720 redeunt
1060 684 1105 720 ad
1130 695 1241 719 curas.

349 743 403 779 14.
441 743 522 778 Jam
547 743 623 789 ipso
648 745 805 788 tempore
830 744 1045 789 procuranda
1072 744 1099 780 O
1108 756 1123 779 s
1133 746 1149 779 t
1157 756 1174 779 r
1182 754 1202 778 a
1210 743 1283 778 cha
1294 754 1312 778 e

513 801 598 838 data
624 804 679 838 est
704 802 880 848 Lindgero
907 802 1115 849 providente
1140 803 1213 837 Deo
1225 816 1234 844 ς

443 873 612 910 ostrache
643 874 739 910 locus
765 877 839 917 est,
865 864 933 918 qui
965 863 1179 918 permultis
1210 863 1327 905 notus
1359 863 1432 915 est,

281 935 378 979 660ο
508 934 664 978 contigit
689 944 756 981 quo
780 933 858 978 pati
884 936 930 976 te,
967 944 986 968 0
1011 933 1040 968 B
1055 944 1074 968 o
1088 945 1111 968 n
1126 944 1143 967 e
1157 932 1280 975 faci,

442 993 517 1028 Tuo
542 993 767 1028 martirio
795 1004 897 1038 quem
923 993 1074 1028 sanxisti
1099 991 1261 1033 Domino,

513 1054 550 1088 et
576 1063 679 1098 quem
704 1052 816 1088 adhuc
842 1052 967 1096 tangit
992 1054 1075 1087 tuus
1102 1053 1246 1086 sanctus
1271 1050 1428 1095 sanguis.

442 1111 600 1155 Quodam
626 1112 772 1147 consilio
798 1114 882 1147 tunc
913 1111 1077 1147 Albricus
1103 1111 1195 1146 inito

513 1172 566 1207 nil
590 1172 626 1206 in
654 1172 732 1216 lege
758 1171 894 1207 Christi
919 1171 1079 1216 neglexit
1103 1170 1290 1211 commissi,

282 1221 379 1263 665-
442 1231 645 1275 Quatuor
670 1231 814 1277 paribus
839 1242 1006 1266 annum
1030 1241 1172 1265 mensus
1197 1228 1370 1275 partibus,

510 1302 571 1336 per
597 1293 748 1337 quatuor
772 1291 901 1326 fratres
926 1291 1019 1326 rexit
1044 1291 1139 1335 ipsas
1166 1292 1296 1334 partes.

442 1350 522 1395 Ipse
547 1361 763 1396 summopere
790 1351 910 1385 veris
936 1349 1014 1394 egit
1039 1351 1242 1394 tempore

514 1420 633 1445 curam
659 1410 973 1445 Traiectensem
1003 1408 1047 1443 ad
1072 1419 1108 1443 se
1132 1408 1383 1453 pertinentem,

442 1467 614 1503 Estatis
639 1471 796 1514 tempore
821 1468 1083 1513 Adelgerum
1110 1467 1251 1502 nomine

284 1518 380 1560 670·
512 1527 810 1572 presbiterum
835 1530 942 1573 post
967 1539 1003 1563 se
1030 1528 1136 1562 iussit
1162 1537 1236 1561 esse
1262 1537 1323 1571 pro
1351 1537 1406 1569 se;

445 1586 544 1621 Sicut
569 1589 606 1622 et
630 1588 822 1632 proposuit,
853 1590 890 1623 et
914 1586 1183 1631 Liudgerum
1210 1586 1340 1631 posuit,
1413 1614 1415 1617 .

513 1647 551 1681 in
576 1649 769 1692 autumpno
796 1658 895 1682 suam
920 1647 1088 1682 adiuvare
1114 1657 1241 1687 curam,

448 1706 719 1742 Thiedbertus
746 1708 853 1741 etiam
881 1706 925 1741 ad
951 1708 1108 1741 sanctam
1134 1704 1331 1740 custodiam

513 1765 566 1800 ibi
591 1768 646 1800 est
672 1765 838 1801 detentus
864 1766 1017 1800 hiemis
1042 1776 1103 1810 per
1128 1766 1277 1809 tempus.

285 1826 383 1868 675.
446 1835 738 1880 Liudgerus2
770 1837 928 1881 igitur
953 1847 1077 1880 suam,
1108 1825 1214 1867 sicut
1245 1824 1408 1876 (licitur,

515 1896 650 1930 vicem
676 1897 714 1931 in
741 1897 902 1931 Traiecto
929 1897 1005 1940 egit
1034 1897 1071 1930 in
1097 1895 1242 1930 directo.

445 1955 560 1990 Stetit
585 1955 772 1991 ecclesia
797 1954 1085 1991 Willibrordi
1118 1954 1252 1989 fabrica

514 2015 624 2050 titulo
651 2015 793 2050 honoris
819 2015 972 2050 sancti
999 2014 1280 2056 Salvatoris,

445 2073 555 2109 Cuius
578 2074 754 2110 solario
779 2077 922 2120 peracto
949 2074 1062 2110 officio

285 2123 382 2165 680·
515 2134 592 2175 Dci,
619 2136 660 2169 ut
686 2136 927 2176 consuevit,
962 2135 1104 2169 sanctus
1131 2133 1184 2167 vir
1210 2132 1390 2178 quievit.

446 2192 510 2228 Cui
537 2191 801 2237 Gregorius,
828 2196 929 2238 pater
955 2193 1209 2228 dilectissimus

517 2251 706 2287 dormienti
732 2253 839 2295 fatur,
865 2255 907 2288 ut
932 2264 967 2287 se
993 2263 1070 2287 mox
1097 2253 1309 2297 sequatur,

446 2311 493 2346 Et
519 2312 568 2346 sic
592 2312 828 2356 progreditur,
856 2314 893 2347 et
918 2312 1116 2356 Liudgerus
1142 2311 1337 2356 sequitur,

517 2370 625 2405 donec
651 2372 814 2407 alciorem
844 2372 1018 2407 scandunt
1042 2372 1231 2416 regionem.

287 2418 384 2460 685.
445 2429 502 2463 lbi
529 2428 719 2474 Gregorius
745 2433 906 2476 prestans
935 2431 1196 2465 eminencius

517 2492 676 2534 partes
702 2489 918 2525 diversarum
953 2490 1053 2525 dedit
1078 2490 1111 2524 ei
1136 2500 1261 2524 rerum.

447 2548 608 2583 Dicens:
635 2549 785 2590 ‚Fili01e.
811 2560 899 2594 quae
925 2549 967 2584 do
997 2549 1066 2584 tibi
1092 2549 1292 2593 collige,

518 2607 605 2643 bene
630 2609 848 2652 collecturus,
874 2609 962 2645 bene
988 2609 1187 2643 divisurus‘.

381 2738 458 2773 650.
486 2738 596 2773 amico
622 2749 711 2774 corr.
741 2739 780 2774 T.
809 2759 850 2764 -—
880 2740 958 2774 671.
985 2740 1021 2773 et
1039 2749 1128 2774 corr.
1157 2738 1196 2773 T.
1226 2757 1268 2762 —
1296 2736 1372 2772 679.
1393 2746 1482 2772 corr.
1510 2745 1576 2771 aus
1594 2734 1722 2769 solacio
1742 2733 1782 2768 T.

383 2904 416 2950 1)
442 2903 527 2937 Vita
553 2903 581 2937 I.
608 2914 634 2937 c.
665 2904 716 2939 16.
747 2923 787 2927 —-
819 2904 854 2946 2)
882 2902 968 2938 Vita
992 2903 1020 2937 Ι.
1047 2913 1074 2938 c.
1104 2905 1156 2937 18.
