1864 3213
79 474 205 516 1370.

79 767 204 811 1375.

79 1062 203 1106 1380.

78 1357 204 1401 1385.

78 1654 203 1730 1390.

77 1952 203 1994 1395.

77 2273 203 2315 1400.

76 2567 201 2609 1405.

171 1714 228 1748 27.

465 177 563 219 Vita
594 178 744 232 rythm.
776 190 807 219 s.
841 177 1036 231 Liudgeri
1067 176 1136 220 let.
1169 177 1202 219 Ι.

269 294 319 329 Et
343 296 385 329 ut
410 293 640 339 sequentibus
669 294 840 339 probatur
865 293 1064 335 eventibus,

340 353 466 389 mnndi
491 352 536 387 ad
561 352 731 387 factorem
758 352 828 387 fert
863 352 1128 388 oracionem.

268 412 312 448 In
337 413 430 447 lecto
457 413 594 456 positus
620 412 713 446 hunc
737 411 918 456 predictus
944 412 1142 446 clericus

339 472 482 507 viderat
507 472 692 513 iacentem,
719 474 879 506 senserat
905 474 1075 507 orantem.

268 531 342 566 Nec
366 542 488 566 ausus
513 542 656 575 surgere
682 531 770 565 clam
797 530 839 565 de
866 530 929 564 sub
956 530 1142 572 velamine,

340 601 400 625 cur
425 593 463 625 et
488 601 555 636 quo
581 591 703 631 exivit,
731 590 925 633 diligenter
950 590 1054 624 vidit.

267 649 316 684 Et
340 650 408 684 Dei
433 650 586 684 famulus
613 649 864 684 consummatis
890 649 1052 694 precibus

341 720 447 754 seque
473 708 727 743 exauditum
756 709 869 743 sciens
895 719 970 752 per
996 709 1233 752 spiritum,

266 767 386 809 Nullo,
413 770 463 802 ut
489 767 652 808 credidit,
683 768 862 802 sentiente
888 766 1006 808 rediit,

339 829 377 861 et
402 825 494 871 quod
519 837 621 860 nemo
647 827 771 860 scisset
796 828 938 870 putans,
969 825 1053 871 quid
1079 826 1232 862 fecisset.

267 885 354 920 Fuit
379 888 465 920 tunc
489 885 645 931 undique
671 897 748 920 cum
775 885 921 920 lunari
948 886 1081 920 lumine

339 947 383 979 et
409 945 575 979 stellari
601 945 730 979 celum
757 956 882 989 purum
914 947 951 979 et
977 956 1187 987 serenunr:

268 1003 318 1038 At
342 1005 422 1049 pius
446 1004 630 1045 Dominus,
657 1003 750 1049 quod
776 1015 812 1038 se
839 1015 921 1038 suus
948 1003 1102 1038 famulus

337 1063 490 1103 multum
517 1063 736 1107 imploravit,
762 1064 889 1097 statim
916 1063 1123 1099 declaravit.

267 1121 407 1157 Venti
433 1133 501 1156 non
528 1122 671 1157 fuerant
697 1125 734 1157 et
760 1124 860 1157 venti
886 1134 963 1157 mox
989 1122 1150 1166 aderant,

338 1180 448 1215 nubes
474 1192 544 1216 non
568 1181 713 1216 fuerunt
739 1185 775 1216 et
800 1193 879 1216 mox
906 1182 1107 1217 adfuerunt.

267 1239 377 1274 Venti
404 1244 440 1275 et
465 1241 620 1282 flamina,
647 1241 758 1276 nubes
785 1244 821 1277 et
847 1243 1009 1276 tonitrua

337 1299 514 1344 fragorem
539 1300 710 1342 fecerunt,
737 1301 864 1335 silvam
890 1303 1151 1343 concusserunt,

266 1358 445 1394 Annosa
471 1359 595 1394 robora
620 1371 752 1403 magna
779 1361 952 1394 violencia

339 1429 360 1452 a
385 1418 502 1453 radice
527 1421 631 1463 rupta
656 1420 776 1463 procul
802 1423 886 1454 sunt
912 1421 1044 1461 eiecta3

268 1476 399 1512 Factus
425 1481 479 1512 est
504 1478 624 1513 subito
650 1479 762 1512 locus
792 1479 1084 1514 monasterio

336 1538 462 1572 satis
488 1538 675 1582 spaciosus,
702 1538 791 1572 satis
816 1539 1002 1582 speciosus.

267 1595 365 1631 Tunc
389 1607 479 1642 quae
505 1597 661 1631 invaluit
687 1599 940 1642 tempestas
966 1598 1126 1640 evanuit,

335 1655 455 1690 subito
481 1656 604 1698 allata,
632 1656 752 1690 subito
777 1656 911 1691 ablata.

266 1713 387 1758 Igitur
412 1715 506 1750 abiit
530 1726 598 1750 nox
624 1719 660 1751 et
685 1715 761 1751 dies
786 1715 890 1758 adiit,

335 1773 520 1826 breviatur
544 1786 642 1810 mora
667 1776 782 1809 noctis
808 1786 886 1810 cuin
912 1785 1048 1817 aurora,

266 1832 379 1875 Quam
404 1833 456 1867 sol
481 1833 711 1879 subsequitur
736 1837 773 1868 et
798 1835 890 1869 clare
916 1834 1129 1878 ingreditur,

336 1895 444 1927 antea
468 1894 634 1937 ignotum
659 1894 946 1928 Werthinensem
971 1894 1097 1928 locum.

264 1951 390 1995 Surgit
415 1951 457 1986 de
483 1953 613 1987 lectulo
640 1952 840 1997 Liudgerus
865 1964 944 1988 cum
969 1954 1094 1988 clerico

337 2013 379 2054 et
410 2025 500 2054 cum
533 2015 622 2055 ortu
655 2014 751 2056 solis
782 2014 956 2067 primam
989 2015 1074 2057 Deo
1105 2014 1256 2068 promit

265 2082 314 2124 In
344 2083 431 2137 ipso
462 2084 547 2126 loco
579 2085 704 2136 stanS,
737 2096 775 2129 in
802 2107 868 2140 quo
894 2096 969 2130 Deo
994 2096 1197 2141 supplicans

336 2154 449 2189 iacuit
474 2156 675 2198 prostratus
701 2158 831 2190 nocte
859 2156 912 2189 vir
936 2155 1062 2190 beatus
1076 2156 1099 2197 ¹,

265 2212 323 2247 Ibi
348 2215 386 2247 et
409 2213 595 2255 Dominus,
621 2213 701 2248 sub
730 2225 818 2259 qua
847 2225 929 2249 suus
954 2215 1114 2249 servulus

336 2283 410 2307 sese
435 2272 654 2317 imploravit,
680 2273 865 2308 arborem
891 2274 1059 2309 servavit.

266 2330 353 2366 Sub
379 2333 457 2376 ipsa
481 2333 580 2376 poni
606 2333 695 2367 iam
720 2343 820 2367 suam
846 2333 953 2368 iussit
979 2333 1196 2376 cathedram,

335 2401 418 2425 nam
443 2393 588 2435 excepta
614 2391 679 2426 illa
705 2393 811 2426 stetit
840 2392 943 2427 arbor
969 2393 1089 2434 nulla;

264 2448 386 2493 Igitur
410 2449 551 2484 sederat
576 2452 614 2485 et
637 2450 936 2495 interrogaverat,

334 2512 454 2554 posset
478 2510 509 2543 si
534 2509 647 2544 videri
673 2509 756 2544 inde
782 2510 901 2544 lumen
935 2511 1042 2552 celi,

262 2567 393 2602 Utrum
419 2569 471 2603 sol
496 2569 617 2603 valeat
641 2561 802 2613 ingredi,⁴
823 2573 864 2604 ut
889 2570 1018 2611 luccat,

335 2630 454 2662 utrum
481 2628 594 2662 adhuc
619 2628 716 2663 locus
741 2629 808 2662 soli
833 2628 883 2662 sit
908 2628 1066 2671 ignotus,

265 2685 313 2721 Et
339 2687 508 2731 operariis
533 2688 782 2732 cuiuscumque
812 2688 948 2731 operis

336 2747 540 2791 cuicumque
566 2757 665 2781 suam
690 2747 904 2790 iniungebat
936 2757 1066 2781 curam.

196 2924 230 2968 1)
258 2924 346 2958 Vita
370 2923 420 2960 II.
447 2935 473 2959 c.
501 2925 564 2967 305
591 2935 623 2959 v.
649 2925 718 2960 III.
745 2935 773 2960 c.
799 2925 855 2960 39.

1215 2984 1270 3026 12

1532 177 1613 220 177
