1864 3213
486 156 661 200 Altfridi
693 155 777 197 vita
810 167 840 196 s.
875 152 1072 208 Liudgeri
1102 152 1174 196 lib.
1207 152 1238 193 Ι.
1614 149 1641 192 5

82 279 144 320 De
176 276 378 319 industria
409 275 508 318 eius.

82 349 145 391 De
160 348 338 390 adventu
355 346 558 396 Aluberti,
578 346 617 387 et
628 343 802 398 qualiter
815 355 891 383 una
905 355 995 384 cum
1008 341 1210 396 Liudgero
1222 349 1237 367 a
1253 341 1366 382 trans
1383 351 1491 381 mare
1504 337 1639 381 rediit.

84 418 289 471 Quomodo
320 418 483 479 iterum*
501 416 666 458 sanetus
699 413 953 468 Liudgerusb
985 412 1258 454 transmarina
1289 411 1420 465 petiit.

83 488 290 540 Quomodo
322 489 486 530 sanctus
518 485 774 540 Liudgerusb
807 484 859 526 ad
891 482 1067 536 patriam
1099 482 1235 524 rediit.

84 559 146 601 De
178 559 357 601 adventu
388 558 520 600 saneti
557 555 788 598 LiafwiniC.

83 630 144 672 De
176 630 288 672 obitu
320 628 452 671 sancti
482 627 712 670 Liafwinic.

83 701 289 753 Quomodo
321 701 485 742 sanetus
517 698 776 753 Liudgerusd
807 697 848 738 in
881 696 1019 738 Fresia
1052 695 1162 736 idola
1195 694 1409 737 destruxit.

83 772 144 813 De
176 771 428 813 ordinatione
460 770 619 812 Albrici
652 771 692 811 et
724 768 855 811 saneti
888 766 1123 822 Liudgerie.

84 842 440 894 Qualiterosancto
472 841 703 895 Liudgeros
730 838 1008 894 gubernacula
1040 837 1221 891 plebium
1254 837 1433 878 revelata
1466 835 1589 877 sintg.

82 913 268 965 Qualiter
300 914 477 955 sanetus.
498 911 755 966 Liudgerusll
786 910 829 951 in
861 910 1021 951 Fresiai
1053 908 1264 950 docuisset.

81 984 232 1026 Versus
264 970 444 1036 Jo'sephk
475 982 528 1024 ad
561 983 743 1024 sanetum
778 980 1029 1034 Liudgerum
1041 980 1063 1023 ¹.

81 1055 232 1097 Versus
264 1054 461 1096 Alueliini
494 1054 541 1095 de
574 1054 742 1095 ecelesia
774 1053 906 1094 sancti
937 1051 1184 1106 Liudgeri¹¹¹.

83 1125 270 1178 Qualiter
302 1125 578 1168 Widukindus
625 1125 817 1166 Fresones
851 1123 999 1165 evertit
1031 1136 1054 1164 a
1086 1122 1166 1166 fide
1198 1123 1238 1164 et
1270 1122 1444 1175 qualiter
1476 1120 1639 1162 sanctus

141 1197 368 1251 Liudgerus
391 1196 709 1238 Beneventinam
735 1195 941 1249 regionem
970 1194 1127 1235 adierat
1153 1193 1215 1236 vel
1235 1192 1430 1247 quomodo
1451 1191 1641 1234 redierat.

82 1267 289 1320 Quomodo
322 1267 485 1327 sanctus
519 1266 747 1320 Liudgerus
779 1266 830 1307 ad
862 1265 1155 1308 Foseteslandn
1187 1264 1538 1306 transfretaverat.

83 1338 289 1391 Quomodo
321 1337 364 1378 iu
397 1337 566 1380 Saxonia
599 1339 762 1379 sanetus
794 1337 1022 1391 Liudgerus
1054 1336 1328 1390 episcopatum
1361 1334 1529 1388 accepit.

81 1409 267 1461 Qualiter
299 1409 462 1450 sanctus
495 1408 722 1462 Liudgerus
754 1408 962 1462 episcopus
995 1407 1050 1449 sit
1082 1406 1304 1449 ordinatus.

82 1479 269 1532 Qualiter
299 1492 370 1532 per
402 1479 658 1533 signaculum
691 1479 937 1521 Bernlevum
969 1479 1196 1520 Dominus⁰
1229 1476 1548 1519 inluminaverit.

82 1551 287 1603 Quomodo
319 1551 426 1592 idem
458 1551 628 1592 Berulef
656 1550 938 1604 baptizaverit.

82 1623 267 1676 Qualiter
298 1623 437 1665 sancto
470 1623 674 1677 Liudgero
707 1623 754 1664 de
786 1623 1062 1664 Nordmannis
1094 1620 1319 1664 revelatum
1352 1619 1417 1662 sit.

81 1694 144 1735 De
176 1694 291 1748 siguo
325 1693 367 1734 in
399 1693 612 1735 Bilurbeki
643 1695 814 1736 ostenso.

82 1765 144 1807 De
175 1765 370 1810 miraculo
402 1764 567 1818 piscisP.
1305 1804 1309 1807 ,

80 1835 266 1888 Qualiter
298 1837 461 1878 sanctus
495 1835 721 1889 Liudgerus
753 1834 880 1876 xitam
928 1800 1219 1889 magistrorum
1266 1845 1428 1875 suorum
1462 1830 1640 1885 descrip—

141 1908 278 1949 seratq
311 1908 352 1949 et
382 1907 520 1960 quales
552 1904 681 1948 mores
713 1906 870 1948 habuit.

80 1978 142 2020 De
173 1978 286 2020 obitu
317 1978 449 2019 sancti
480 1977 689 2032 Liudgeri.

81 2049 142 2091 De
174 2049 383 2103 sepultura
415 2049 512 2092 eius.

80 2120 142 2162 De
173 2120 316 2174 signis⁷
350 2133 451 2173 quae
483 2120 573 2172 post
605 2119 690 2161 eius
722 2119 878 2160 obitum
910 2117 1107 2160 Dominus
1140 2130 1210 2171 per
1251 2130 1341 2160 eum
1375 2117 1638 2167 ostenderetr,

141 2191 204 2232 etS
235 2191 283 2232 de
316 2191 540 2245 Irmingero
572 2191 713 2232 sanato
745 2191 806 2232 ett
837 2190 1064 2243 paralitica.

82 2261 144 2302 De
179 2260 402 2315 Sigiburga
434 2262 575 2302 sanata
589 2269 617 2303 ¹¹.

79 2332 142 2374 De
173 2331 258 2383 filia
291 2331 516 2374 Berahtrici
549 2332 706 2373 sanata.

81 2403 143 2444 De
174 2401 391 2444 Hildirado
423 2403 576 2445 sanato.

82 2472 145 2515 De
176 2473 357 2515 Modsuit
388 2473 646 2515 inluminata.

223 2563 239 2580 a
263 2554 448 2599 Ludegero
480 2555 548 2598 W‚·
574 2554 725 2599 Liudeg.
752 2556 871 2590 Perta.
900 2575 943 2580 —
970 2555 986 2580 b
1011 2554 1216 2599 liudegerus
1248 2555 1295 2589 W
1305 2568 1317 2598 ;
1342 2554 1491 2599 Liudeg.
1518 2555 1638 2590 Pertz.

81 2634 126 2639 —
152 2622 166 2641 c
192 2613 403 2649 Liafuuinui
428 2614 557 2649 Leibn.
586 2634 629 2639 —
655 2614 672 2640 d
697 2614 904 2659 Ludegerus
934 2614 1000 2655 11⁷3
1027 2613 1176 2658 Liudeg.
1202 2614 1322 2649 Perti.
1351 2633 1395 2638 —
1421 2622 1435 2640 θ
1463 2613 1639 2658 Ludegeri

88 2673 157 2717 W,·
182 2673 333 2717 Liudeg.
359 2674 479 2709 Perta.
520 2694 563 2698 —-
602 2674 616 2699 f
637 2673 820 2718 Ludegero
852 2674 921 2717 W,·
958 2673 1108 2724 Liudeg.
1135 2674 1255 2709 Pertz.
1296 2693 1339 2698 -
1377 2682 1394 2707 g
1419 2676 1502 2708 sunt
1528 2673 1563 2708 S.
1594 2693 1637 2698 —-

77 2732 98 2758 ¹1
123 2731 328 2776 Ludegerus
352 2732 403 2767 W
408 2746 420 2776 ‚·
446 2732 595 2776 Liudeg.
622 2733 744 2769 Perta.
773 2752 816 2757 —
843 2733 851 2759 i
876 2732 1026 2767 Effresia
1050 2732 1107 2768 W.
1136 2753 1180 2757 —
1206 2732 1223 2758 k
1248 2732 1394 2777 Josephi
1415 2732 1452 2768 S.
1482 2752 1524 2757 -—
1550 2732 1559 2757 1
1584 2731 1638 2766 Lu

80 2791 194 2837 (Lude
220 2793 359 2836 Leibm·
384 2793 452 2827 Liu
478 2793 613 2837 Perta),
639 2793 706 2827 das
730 2794 854 2839 iibriye
879 2793 906 2837 f.
931 2792 989 2827 W.
1017 2813 1060 2817 -
1086 2801 1112 2818 ¹11
1138 2795 1192 2827 est
1217 2792 1250 2827 S.
1278 2791 1455 2826 Bonifacii
1482 2804 1513 2827 α.
1534 2791 1579 2826 R.
1599 2790 1635 2826 S.

82 2870 126 2877 -
152 2860 170 2877 ¹1
195 2851 407 2886 Fostesland
423 2852 461 2888 S.
489 2871 532 2877 —
558 2860 573 2878 0
600 2853 642 2888 D.
660 2852 701 2887 B.
719 2853 756 2888 S.
784 2873 827 2878 —-
852 2861 869 2886 Ρ
895 2854 1086 2888 steurionis
1104 2853 1142 2888 S.
1169 2872 1213 2877 —
1243 2862 1259 2886 (ι
1285 2853 1510 2897 descripserit
1528 2852 1566 2887 S.
1594 2871 1638 2877 —-

79 2917 93 2936 ¹
118 2910 315 2946 ostenderit
340 2911 376 2946 S.
405 2931 447 2936 —
475 2920 488 2937 S
513 2912 540 2955 f.
565 2912 602 2947 S.
627 2931 666 2937 —
691 2913 703 2939 t
728 2911 770 2947 de
803 2923 836 2957 p.
863 2914 992 2947 sanata
1017 2912 1057 2948 S.
1086 2933 1129 2938 —
1155 2920 1173 2938 u
1198 2911 1241 2947 de
1267 2932 1311 2937 —
1337 2914 1464 2947 sanata
1491 2913 1518 2955 f.
1545 2912 1590 2946 L.
