1801 3213
139 176 143 177 γ
199 139 285 182 256
662 135 865 180 Cincinnii
899 137 986 179 vita
1017 149 1049 179 s.
1082 135 1291 192 Liudgeri.

178 243 184 248 ’
204 257 329 299 1076,
355 255 410 290 27.
437 253 506 289 Sed
531 253 604 288 iam
628 252 818 288 mundanis
842 253 948 288 finem
973 253 1043 288 tibi
1069 263 1196 298 ponere
1221 252 1324 288 rebus

436 313 612 357 Tempus1
638 340 646 346 .
676 339 685 348 .
712 339 719 347 .

204 375 329 417 1166,
353 374 408 408 28.
435 372 520 406 Exit
545 372 583 406 in
608 381 786 406 occursum
812 382 912 406 sexus
937 372 1123 417 utriusque
1148 370 1276 413 fidelis,

434 430 577 475 Excipit
603 432 639 464 et
665 430 777 465 clerus
803 429 1006 465 venerabile
1032 431 1163 475 pignus
1194 431 1231 465 in
1257 429 1400 475 ymnis²
1427 456 1434 464 .
1461 456 1470 465 .
1499 456 1506 463 .

204 493 329 536 1129,
351 492 407 526 29.
433 489 597 525 Pullulat
622 489 661 524 in
686 490 802 534 signis
826 490 965 534 patriae
991 500 1083 524 nova
1109 489 1254 534 glebula
1286 489 1402 533 signis

435 549 554 594 Usque
579 549 706 584 novis3
724 575 732 583 .
760 575 769 584 .
797 575 804 584 .

205 611 329 652 1250,
353 610 409 644 30.
435 609 597 653 Irmyger
623 608 789 653 obsequio
816 607 932 642 sancti
957 607 1104 642 sudarat
1130 607 1174 642 ab
1200 608 1276 653 ipso

436 668 540 702 Flore
567 667 866 702 iuventutis4
893 693 901 702 .
927 693 936 702 .

205 729 330 771 1266,
355 728 411 762 31.
437 726 632 772 Paralysi
658 726 814 761 resoluta
839 726 942 770 gravi
967 726 1175 761 muliercula
1200 726 1340 760 noctis

436 785 604 821 Eiusdem
628 786 756 830 spacio,
782 786 861 820 visu
886 784 1079 826 laudabile,
1111 796 1196 820 sano

437 844 598 889 Corpore,
624 846 700 879 tam
725 844 855 886 subito,
883 856 972 890 quae
998 855 1073 880 sero
1098 847 1256 889 repserat
1283 844 1357 886 illo,

437 904 592 948 Surgens
617 903 794 946 incedens,
821 907 863 939 u'c
888 915 951 939 nec
978 905 1134 948 vestigia
1159 904 1301 939 morbus

206 966 332 1007 1270,
438 964 631 1009 Έ1ᾳ1118361ῑ,
657 963 850 1008 spectanda
876 962 977 998 dedit
1003 965 1203 1008 spectacula
1228 959 1366 999 cuncfflis
1377 964 1402 998 ⁵.

946 1310 1018 1354 ΙΙ.

745 1438 769 1492 (
767 1437 804 1480 J
802 1439 950 1481 ocmm's
985 1436 1217 1490 Cinciomiz')

683 1560 817 1614 Vita
867 1559 982 1612 divi
1037 1558 1279 1628 Ludgeri

346 1673 801 1729 Mimigardevordensis
853 1673 1066 1731 ecllclesie‚
1129 1686 1204 1727 que
1267 1674 1328 1716 esi:
1378 1672 1758 1715 Monasteriensium

204 1743 476 1798 Westphalie‚
514 1744 859 1802 prothollepiscopi
900 1745 1179 1798 Saxonumque
1220 1744 1262 1786 et
1300 1743 1541 1786 Phrisonum
1573 1743 1757 1797 apostoli.

205 1814 328 1857 Cuius
364 1813 379 1871 ΙΙ
414 1828 573 1858 sacrum
609 1829 656 1858 ac
688 1816 962 1859 venerandum
1005 1828 1146 1870 corpus
1185 1815 1228 1856 in
1261 1815 1424 1870 insigni
1463 1814 1705 1857 monasterio
1739 1813 1755 1871 Η

204 1885 482 1928 Werthinensi
513 1887 620 1940 apud
647 1887 816 1929 fiuvium
846 1887 1011 1929 Rurhae
1033 1886 1321 1929 venerabiliter
1351 1885 1582 1940 requiescit,
1615 1885 1760 1928 multis

204 1957 492 1999 miraculorum
523 1958 565 1999 e‘o
596 1957 805 2012 signorum
844 1957 1042 2012 prodigiis
1083 1955 1369 2013 chollruscans:
1431 1956 1588 1998 Ibidem
1620 1968 1667 1999 ex
1697 1956 1761 1998 di-

204 2027 331 2070 versis
363 2027 542 2070 eiusdem
573 2028 684 2070 vitae
710 2028 903 2082 preclaris
927 2026 945 2084 Η
969 2027 1232 2082 scriptoribus
1263 2027 1347 2069 iam
1372 2027 1416 2069 in
1451 2027 1602 2070 iustam
1632 2027 1760 2070 histo-

207 2098 310 2140 riam
342 2096 617 2154 comportallta
648 2100 689 2141 et
721 2099 942 2141 illustrata.

347 2169 583 2211 Doctissimi
614 2169 692 2212 viri
724 2169 879 2211 domini
919 2169 1149 2223 Rhodolphi
1190 2168 1340 2224 Langii
1371 2167 1586 2225 Canollnici
1617 2168 1760 2210 Mona-

206 2240 412 2282 stcriensis
443 2240 487 2281 in
518 2253 615 2294 opus
647 2240 892 2293 subsequens
923 2239 1207 2282 hexastichon:

418 2311 550 2364 Quam
581 2312 714 2353 bene⁶
738 2311 942 2365 pontificis
971 2311 1150 2365 Ludgeri
1181 2311 1298 2365 gesta
1330 2310 1476 2366 coegit),

491 2381 564 2424 Cui
596 2382 771 2436 patriam
801 2382 948 2425 fluvius
984 2381 1140 2435 Luppia
1172 2381 1281 2423 clara
1313 2381 1441 2433 dedit,

348 2499 449 2534 1268.
476 2499 540 2533 1110
566 2498 774 2534 adverbium
800 2502 855 2534 est
880 2511 913 2535 α.
939 2500 986 2535 R.
1013 2498 1109 2534 Hds.
1136 2518 1180 2523 —
1213 2499 1315 2533 1279.
1341 2499 1419 2534 hier
1443 2499 1557 2534 bricht
1581 2498 1639 2534 die
1662 2497 1759 2533 Hds.

207 2558 252 2592 ab
260 2570 272 2601 ,-
298 2558 378 2593 eine
401 2560 542 2603 spiitere
566 2558 685 2594 Hand
710 2560 846 2595 sehrieb
872 2560 1066 2595 clamanter.-
1091 2569 1176 2603 opus
1201 2557 1380 2592 mutilum.

349 2699 384 2744 1)
409 2699 497 2734 Vita
522 2700 590 2735 III.
617 2710 645 2735 c,
670 2699 811 2735 43—45
837 2701 946 2735 erstsr
973 2700 1088 2734 Theil.
1128 2719 1171 2724 —
1209 2700 1246 2745 2)
1272 2700 1359 2735 Vita
1384 2699 1452 2735 III.
1479 2710 1506 2734 c.
1533 2699 1578 2734 45
1604 2698 1759 2734 Schluss.

204 2758 262 2793 46.
289 2777 333 2783 ——-
359 2759 395 2803 3)
420 2759 508 2793 Vita
545 2759 612 2794 III.
651 2759 714 2794 lib.
742 2759 786 2795 Π.
826 2759 1051 2803 Einleitung.
1087 2778 1131 2784 --
1169 2758 1205 2802 4)
1232 2758 1318 2793 Vita
1344 2758 1411 2794 III.
1439 2757 1501 2793 lib.
1528 2758 1573 2792 H.
1599 2768 1628 2794 e.
1655 2758 1687 2792 1.
1714 2776 1758 2781 -—

207 2818 241 2860 5)
267 2817 356 2852 Vita
381 2818 449 2853 III.
476 2818 538 2853 lib.
565 2818 611 2852 II.
639 2829 667 2853 c.
693 2820 725 2854 2.
764 2838 807 2842 -
847 2819 881 2863 6)
907 2819 979 2853 Der
1001 2817 1118 2852 Druck
1145 2817 1210 2851 hat
1236 2817 1324 2859 tibi,
1360 2817 1528 2861 corrigirt
1562 2815 1652 2851 nach
1677 2814 1758 2850 dem

205 2875 705 2914 Druckfehlerverzeichnisse.
