1864 3213
845 513 891 566 Ι.

253 647 388 701 Vita
433 646 614 700 sancti
658 645 923 713 Liudgeri
967 650 1191 699 auctore
1235 646 1491 699 Altfrido.

624 853 849 909 [Prologus
879 855 1111 908 auctoris?

236 972 471 1016 Alt-fridusb
519 972 656 1028 gratia
702 972 808 1014 DeiC
853 972 1061 1026 episcopus
1102 971 1351 1014 carissimisd
1383 972 1580 1015 fratribus
1612 972 1652 1014 et
1680 939 1820 1024 {341}

92 1045 305 1088 monachis
337 1044 379 1085 in
410 1043 574 1086 cenobio
597 1043 728 1085 sancti
750 1042 973 1085 Salvatoris
1001 1043 1042 1084 et
1077 1043 1208 1085 sancti
1249 1043 1378 1097 patris
1409 1043 1621 1098 Liudgerie
1640 1045 1654 1068 ¹

95 1115 269 1159 Domino
303 1115 571 1157 servientibus
611 1114 654 1155 in
696 1113 892 1156 Christos.
934 1113 1134 1156 Peticioni
1174 1115 1332 1156 vestrae
1377 1114 1530 1157 idcirco
1562 1127 1655 1157 con-

95 1199 257 1229 sensum
303 1186 483 1240 praebui,
532 1186 625 1239 quia
672 1184 863 1227 caritatig
906 1186 1064 1227 vestrae
1097 1184 1201 1226 nihil
1233 1185 1464 1240 denegareh
1496 1187 1609 1240 potui
1626 1187 1652 1227 2.

96 1258 343 1301 Postulastis
374 1257 504 1312 igitur
535 1256 686 1299 crebris
717 1256 917 1310 precibus,
951 1257 998 1297 ut
1029 1256 1078 1298 de
1102 1257 1188 1298 vita
1219 1257 1350 1299 sancti
1371 1257 1498 1311 patris
1531 1257 1656 1299 Lind-

96 1329 207 1385 gerii
238 1328 394 1382 aliquid
426 1328 676 1370 conscribere
708 1328 929 1378 iuberem,
968 1327 1180 1381 quatinusl
1226 1328 1311 1369 tam
1343 1327 1573 1370 veneranda
1604 1327 1657 1369 il-

94 1401 177 1443 lius
209 1399 391 1453 exempla
423 1398 565 1440 multis
597 1398 648 1440 ad
680 1398 1007 1441 aedificacionem
1038 1398 1288 1452 proficerent.
1337 1399 1402 1440 Ad
1436 1399 1539 1452 quod
1571 1400 1657 1440 stu-

96 1471 255 1514 diosum
289 1483 385 1524 opus
417 1469 707 1524 peragendum,
731 1469 915 1523 quamvis
948 1469 1130 1523 inparem
1163 1482 1228 1511 me
1260 1482 1344 1511 esse
1378 1470 1418 1511 et
1450 1469 1658 1511 scientiam

98 1542 274 1584 debilem
309 1541 453 1583 scirem
465 1549 496 1591 ¹¹,
543 1541 680 1582 tamen
713 1540 883 1582 caritate
925 1541 1092 1595 cogente
1125 1541 1306 1582 animum
1339 1541 1390 1582 ad
1421 1540 1527 1582 illud
1559 1541 1660 1583 scri—

97 1613 301 1655 bendum0
332 1611 514 1666 appulin
547 1611 641 1665 quia.
663 1611 777 1653 nefas
806 1612 1030 1664 putabamq
1060 1612 1168 1653 tanti
1189 1612 1268 1654 viri
1289 1612 1440 1653 laterer
1471 1611 1656 1661 virtutes,

99 1697 193 1727 cum
235 1683 345 1726 beati
377 1682 564 1737 Gregorii
595 1682 648 1724 ad
680 1682 983 1737 indagationem
1022 1682 1127 1724 sacri
1158 1683 1272 1724 verbi
1314 1682 1461 1725 sotiusS
1493 1682 1657 1724 dicat3:

105 1755 234 1806 „Sunt
266 1753 467 1804 nonnulli,
515 1766 611 1807 quos
643 1753 696 1795 ad
728 1765 905 1795 amorem
939 1753 1121 1795 coelestis
1155 1753 1311 1807 patriae
1342 1753 1433 1807 plus
1475 1753 1659 1806 exempla

98 1837 220 1880 quam
259 1824 563 1879 predicamenta
595 1824 889 1874 succendunt&
931 1825 979 1866 fit
1009 1837 1102 1867 vero
1149 1825 1386 1878 plerumque
1419 1825 1461 1866 in
1493 1825 1661 1866 audien-

241 1938 257 1956 2·
281 1931 380 1966 nicht
404 1931 445 1965 in
479 1930 549 1964 (len
581 1929 678 1964 Hcls.
705 1949 748 1954 —-
778 1930 794 1955 b
820 1930 909 1976 solat
942 1931 1014 1974 cmtf
1045 1930 1103 1965 (lie
1139 1929 1423 1976 (lapitelanyabe
1454 1929 1522 1973 W;
1547 1930 1661 1965 durch

96 1990 156 2026 die
196 1989 334 2032 Hand,
375 1990 502 2024 welche
551 1989 608 2023 die
652 1999 767 2034 qcmze
821 1993 910 2024 erste
957 1989 1050 2025 Seite
1087 1990 1334 2035 ozachyezoyen
1373 1990 1456 2033 hat,
1492 2000 1581 2024 corr.
1619 1991 1661 2024 in

98 2048 279 2084 Alefridus
297 2049 353 2093 L‚·
382 2048 543 2083 Alfridus
568 2047 605 2083 S.
632 2067 677 2072 -—-
703 2056 716 2073 ⁰
742 2048 785 2083 D.
812 2059 865 2092 gr.
890 2049 946 2083 W.
976 2069 1019 2073 ——
1046 2049 1063 2074 d
1089 2048 1231 2083 dilectis
1255 2048 1313 2083 JV.
1346 2068 1389 2072 —
1415 2056 1429 2074 e
1455 2049 1563 2092 Lutg.
1589 2048 1660 2091 W,-

99 2108 224 2152 Liutg.
249 2109 372 2143 Perta.
399 2127 443 2132 —
468 2107 483 2132 f
505 2107 659 2142 salut-em
685 2118 712 2142 s.
738 2108 772 2142 h.
798 2108 894 2143 Bon.
922 2128 966 2133 ——
993 2116 1011 2141 g
1036 2108 1188 2142 karitati
1212 2108 1280 2150 W‚·
1310 2107 1536 2142 fraternitati
1554 2107 1592 2142 S.
1615 2128 1660 2132 —

99 2168 119 2193 h
144 2178 275 2211 negare
303 2167 401 2202 Cinc-
428 2187 473 2192 —
498 2167 506 2192 i
533 2166 642 2210 Lutg.
675 2166 726 2201 W
732 2180 743 2210 ;
777 2167 901 2211 Liutg.
936 2167 1056 2202 Perta.
1086 2188 1128 2192 —
1160 2167 1177 2192 k
1203 2166 1354 2201 scribere
1381 2166 1559 2201 studerem
1592 2166 1661 2209 W,-

100 2226 355 2262 conscriberem
380 2227 427 2261 B.
454 2245 499 2251 -
524 2226 533 2251 1
559 2227 735 2271 quatenus
760 2226 799 2261 S.
827 2246 869 2251 —-
895 2234 920 2251 ¹1¹
947 2228 984 2261 et
1010 2225 1172 2261 doctrina
1193 2237 1220 2261 s.
1239 2227 1272 2261 h.
1298 2226 1354 2261 W.
1374 2246 1418 2251 —
1444 2235 1461 2251 ¹1
1486 2236 1605 2261 senem
1623 2225 1660 2261 S.

102 2307 147 2312 —
173 2293 188 2312 0
215 2285 259 2320 ad
296 2285 381 2321 illut
418 2285 521 2320 scrib.
548 2296 605 2320 an.
638 2285 694 2320 W.
734 2305 777 2311 —
815 2294 831 2318 Ρ
858 2286 1012 2331 applicui
1039 2286 1075 2321 S.
1115 2306 1159 2310 —
1198 2295 1213 2318 q
1239 2286 1365 2330 putavi
1402 2286 1439 2321 S.
1478 2286 1577 2321 Cinc-
1615 2305 1660 2310 —-

100 2353 114 2371 ¹·
139 2347 255 2380 tacere
280 2344 316 2380 S.
344 2364 387 2368 ——
414 2352 426 2369 S
452 2354 556 2378 sonus
589 2344 646 2379 W.
676 2364 716 2369 -
742 2346 754 2370 t
779 2344 974 2379 incendunt
1007 2344 1064 2379 W.

245 2464 280 2508 1)
302 2462 480 2503 „Ecclesia
497 2462 613 2497 sancti
631 2461 828 2497 Salvatoris
846 2464 883 2496 et
896 2462 1012 2497 sancti
1034 2462 1148 2506 patris
1167 2461 1360 2506 Liudgeri“
1382 2461 1494 2496 findet
1512 2461 1586 2495 sich
1604 2460 1661 2495 fiir

102 2522 160 2557 die
185 2521 363 2557 werdener
395 2521 525 2555 Kirche
558 2521 771 2556 urkundlich
810 2524 927 2556 zuerst
965 2522 1002 2555 in
1034 2521 1094 2555 der
1132 2521 1328 2565 allerdings
1366 2520 1658 2555 wahrscheinlich

103 2582 356 2626 interpolirten
382 2579 551 2615 Urkunde
578 2592 645 2615 von
671 2581 739 2615 847
766 2580 858 2625 Aug.
878 2582 922 2615 18
948 2580 1189 2623 (Laconiblett
1216 2579 1504 2614 Urkundenbuch
1529 2579 1586 2613 fiir
1604 2579 1660 2614 die

104 2639 316 2675 Geschichte
342 2639 402 2675 des
428 2639 682 2674 Niederrheins
707 2639 736 2674 Ι.
763 2639 846 2674 Nro.
873 2641 938 2681 633
964 2639 1121 2673 Erhard:
1160 2640 1316 2683 chesta
1348 2639 1519 2673 historiae
1546 2638 1662 2673 West-

103 2698 211 2734 faliae
237 2700 320 2734 Nro.
347 2700 449 2744 393);
475 2699 530 2733 bis
557 2698 667 2733 dahin
680 2698 795 2732 heisst
808 2697 863 2732 die
882 2698 1011 2732 Kirche
1028 2709 1095 2732 nur
1116 2698 1282 2738 „ecclesia
1301 2697 1658 2732 sanctiSalvatoris.“

247 2759 282 2803 2)
308 2757 485 2793 Aehnlich
511 2757 567 2792 die
593 2756 746 2791 Vorrede
772 2757 920 2792 Alcuins
954 2757 990 2790 in
1026 2755 1087 2790 der
1113 2757 1190 2791 vita
1215 2758 1329 2791 sancti
1356 2755 1580 2790 willibrordi
1604 2755 1663 2790 bei

102 2815 218 2852 Jaffe:
243 2816 469 2851 Bibliotheca
494 2827 609 2851 rerum
636 2815 925 2850 Germanicarum
951 2815 1012 2850 VI.
1039 2815 1207 2859 (monum.
1234 2815 1462 2859 Alcuiniana)
1488 2826 1521 2859 p.
1547 2816 1602 2849 39.

247 2877 283 2920 3)
310 2875 491 2911 Praefatio
517 2875 562 2910 ad
587 2875 668 2910 libr.
695 2874 916 2919 dialogorum
943 2874 985 2910 de
1004 2875 1081 2909 vita
1106 2877 1143 2909 ct
1172 2875 1353 2910 miraculis
1378 2877 1520 2919 patrum
1546 2874 1583 2908 in
1602 2872 1666 2908 der

1300 2934 1358 2975 1*
