1801 3213
139 181 142 182 ⁷
172 160 260 203 262
633 160 836 204 Cincinnii
878 161 963 204 vita
993 175 1025 204 s.
1058 162 1266 217 Liudgeri.

316 315 323 323 .
344 316 351 324 .
372 289 466 324 ..Et
491 290 576 335 quia
599 290 739 325 illius
764 292 850 325 tunc
868 290 937 326 loci
961 290 1091 326 abbas
1116 292 1296 326 nomine
1319 292 1515 329 Dethmaro
1541 295 1587 325 ΘΧ
1608 283 1729 325 Phri-

173 349 234 391 Sia
265 349 457 392 oriundus
482 360 582 396 beati
607 360 765 405 Ludgeri
790 372 960 405 genere
992 362 1281 407 propinquus
1314 365 1411 399 erat:
1447 365 1570 399 iccirco
1595 365 1730 401 maiore

174 428 251 453 cum
277 418 556 454 humanitate
582 422 619 454 et
646 420 1010 464 hospitalitatis
1037 420 1257 456 charitate
1289 422 1646 459 honorificentissime
1671 435 1729 459 ex-

175 479 296 522 ceptus
323 479 403 512 estl
429 505 436 513 .
463 507 470 513 .
501 506 509 513 .

317 536 443 582 caput
468 538 621 575 XVIII.
669 539 723 574 De
741 539 887 581 visione,
914 550 1020 584 quam
1046 541 1189 574 sanctus
1207 539 1392 584 Ludgerus
1417 541 1455 576 in
1472 542 1605 577 somnis
1631 541 1731 577 vide-

174 599 233 631 rat
259 596 300 631 de
325 597 609 632 Normannorum
634 597 804 642 gentibus
831 625 839 632 .
867 625 875 633 .
902 626 910 634 .
939 625 946 633 .

388 683 396 691 .
423 684 431 691 .
459 656 554 691 vidit
579 657 617 692 in
643 658 773 691 somnis
800 658 984 699 visionem,
1012 657 1306 702 quemadmodum
1331 659 1504 694 Dominus
1529 659 1624 694 Deus
1648 661 1732 704 post

175 724 238 749 sua
264 716 423 759 tempora
447 716 621 750 malorum
645 715 828 750 hominum
862 716 1078 761 iniquitates
1110 727 1172 761 per
1207 717 1289 752 illos
1314 717 1536 753 Normannos
1560 718 1732 753 ulturus2

176 787 281 820 esset.
330 786 429 829 Quod
454 787 528 831 ipse
560 776 712 831 inclyto
742 776 832 831 regi
862 776 1015 819 Karolo
1047 789 1181 819 coram
1217 778 1348 831 sepius
1379 779 1531 832 profari
1561 779 1730 831 solebat,

177 866 237 890 sue
263 867 401 901 quoque
426 857 536 891 sorori
561 857 763 901 Heriburge
789 848 829 888 el]
859 847 953 889 aliis
994 847 1195 901 plerisque
1236 849 1377 890 amicis
1409 870 1487 894 cum
1519 859 1636 895 dolore
1670 870 1733 895 sue

177 915 293 959 patrie
319 917 356 950 et
388 916 627 951 maritime
658 918 856 961 regionis
892 916 1146 952 desolationem
1181 918 1286 962 longe
1312 921 1396 953 ante
1422 921 1579 964 tempore
1605 920 1733 955 vatici-

178 984 256 1008 nal'l
284 1001 291 1008 .
320 1001 327 1009 .
356 1002 362 1009 .
391 1002 398 1009 .

323 1032 450 1078 Caput
475 1034 646 1071 XXVII.
695 1035 907 1070 Miraculum
925 1035 967 1070 de
985 1036 1126 1070 homine
1145 1048 1312 1081 suspenso
1332 1038 1424 1072 circa
1449 1037 1616 1083 oppidum
1633 1037 1735 1082 Mep-

177 1104 256 1138 pen,
283 1095 325 1128 ut
350 1104 428 1128 eum
454 1096 596 1129 sanctus
621 1094 807 1139 Ludgerus
833 1095 875 1129 de
900 1095 1063 1140 patibulo
1089 1096 1296 1131 miraculose
1321 1096 1503 1131 liberavit.

324 1186 509 1196 .....
541 1155 628 1197 Η66
660 1155 754 1209 quia
786 1168 809 1197 a
840 1156 1110 1198 veracissimis
1152 1157 1377 1210 conscripta
1409 1158 1515 1208 sunt,
1548 1170 1643 1199 vera
1675 1156 1735 1199 sic

181 1225 394 1267 credimus.
458 1225 542 1278 Que
574 1227 708 1268 autem
741 1227 823 1269 alia
855 1227 962 1269 circa
1005 1227 1114 1268 idem
1146 1228 1389 1270 miraculum
1420 1241 1444 1270 a
1476 1229 1598 1283 vulgo
1629 1229 1735 1270 refe-

180 1296 336 1347 runtur,
370 1297 416 1338 ut
445 1298 609 1340 sanctus
641 1298 831 1340 videlicet
861 1298 1046 1349 antistes,
1090 1298 1186 1339 dum
1217 1312 1241 1340 a
1271 1299 1369 1346 loco,
1414 1299 1481 1341 ubi
1522 1312 1613 1341 reus
1645 1312 1734 1341 sus-

180 1366 452 1420 pendebatur,
505 1368 752 1420 (liscederet,
802 1370 934 1423 ipsum
976 1382 1089 1411 reum
1141 1369 1249 1422 apud
1300 1382 1341 1411 se
1388 1369 1440 1411 ad
1487 1369 1605 1411 istius
1652 1369 1736 1411 diei

180 1450 392 1491 vesperum
414 1439 648 1480 cenaturum
672 1439 872 1491 citaverit,
904 1440 1191 1493 proptereaque
1213 1440 1258 1481 ut
1280 1440 1436 1493 vesperi
1466 1441 1509 1482 in
1530 1441 1735 1483 Asschen-

183 1508 303 1562 dorpe
334 1509 418 1562 ipse
449 1510 584 1563 presul
617 1523 706 1552 suos
739 1511 902 1553 tardare
934 1523 1074 1553 cenam
1112 1510 1288 1562 iusserit,
1321 1513 1414 1565 quia
1446 1525 1571 1554 unum
1602 1512 1736 1554 adhuc

182 1578 383 1632 hospitem
415 1582 622 1634 expectare
653 1582 862 1624 habuerit:
895 1583 938 1623 in
980 1582 1140 1636 scriptis
1180 1595 1259 1624 non
1299 1583 1519 1637 reperimus
1559 1596 1633 1626 nec
1663 1596 1736 1637 pro

182 1651 290 1692 certo
320 1651 461 1692 haberi
492 1651 689 1694 volumus.

324 1719 450 1765 Caput
474 1721 633 1758 XXIX.
682 1723 892 1758 Miraculum
918 1723 960 1758 de
985 1723 1075 1759 Caco
1101 1724 1354 1758 contumelioso
1379 1725 1512 1759 rustico
1537 1724 1576 1759 in
1601 1723 1736 1759 Oevete

182 1781 220 1815 et
245 1780 300 1814 sui
325 1780 472 1816 ultione.

323 1839 506 1885 Siquidem
531 1841 794 1876 memorandum
832 1843 870 1877 in
907 1842 1058 1888 quodam
1094 1843 1226 1878 rustico
1264 1843 1520 1878 contumelioso
1554 1842 1736 1886 miraculo,

183 1909 275 1955 quod
300 1921 415 1945 coram
441 1914 563 1947 sancto
588 1913 756 1957 pontifice
780 1913 818 1947 in
841 1915 944 1957 pago
961 1914 1025 1948 hoc
1050 1914 1206 1958 proximo
1233 1913 1365 1948 Oevete
1391 1914 1526 1949 factum
1542 1904 1735 1957 tempore,

182 1983 258 2024 quo
289 1972 577 2014 monasterium
609 1973 682 2016 hoc
715 1974 926 2016 Werthine
966 1974 1142 2028 primum
1176 1974 1411 2016 condiderat
1443 1975 1483 2015 et
1514 1974 1564 2015 ab
1597 1973 1736 2015 eodem

181 2042 299 2084 beato
330 2042 415 2084 viro
446 2043 498 2084 ad
528 2045 764 2098 perpetuam
796 2044 854 2087 rei
894 2045 1130 2087 memoriam
1171 2047 1212 2086 et
1250 2044 1548 2086 maliciosorum
1579 2044 1734 2086 nostro-

181 2125 271 2154 rum
304 2112 563 2155 formidinem
594 2117 743 2169 scripto
775 2116 965 2158 relictum
1008 2117 1091 2166 est,
1134 2128 1250 2169 opere
1281 2115 1460 2169 precium
1492 2116 1612 2169 atque
1643 2114 1737 2169 dig-

182 2196 281 2225 num
312 2185 595 2238 superscriptis
626 2199 733 2229 nunc
764 2186 1009 2241 subiungere
1057 2199 1100 2228 eo
1149 2187 1221 2228 sub
1263 2187 1423 2237 tenore,
1469 2199 1545 2240 quo
1590 2185 1634 2227 id
1665 2198 1737 2227 nos

182 2254 380 2308 legimus:
407 2266 599 2302 Notum.
617 2295 623 2302 .
640 2268 945 2313 .—pe1·irent³.
977 2257 1185 2299 Hactenus
1215 2257 1262 2298 de
1284 2257 1420 2298 tenore
1441 2257 1561 2298 huius
1583 2256 1735 2310 scripti.

183 2335 211 2371 O
223 2335 245 2370 b
269 2325 373 2368 hanc
391 2337 501 2372 etiam
520 2326 822 2370 deformitatem
847 2340 1000 2374 rusticus
1025 2339 1088 2374 ille
1105 2349 1214 2384 usque
1241 2337 1285 2373 ad
1310 2338 1415 2373 finem
1434 2337 1509 2373 vite
1534 2348 1595 2372 sue
1621 2336 1705 2373 Cac
1717 2346 1738 2370 o

183 2397 254 2429 est
279 2396 562 2440 appellatus.

325 2453 453 2499 Caput
477 2455 614 2492 XXX.
662 2457 874 2492 Miraculum
900 2457 942 2493 de
976 2457 1159 2493 anseribus
1194 2456 1416 2502 agrestibus,
1455 2455 1548 2502 quod
1573 2456 1612 2490 in
1638 2456 1738 2490 curte

183 2513 299 2547 sancti
323 2513 480 2558 Ludgeri
505 2514 629 2550 Welde
658 2515 794 2550 factum
820 2519 884 2551 cst.

326 2606 334 2615 .
370 2606 379 2616 .
414 2609 422 2617 .
457 2607 466 2616 .
498 2575 586 2617 Hec
617 2577 724 2627 sunt,
758 2589 834 2630 que
864 2589 936 2618 nos
979 2576 1028 2618 de
1058 2577 1132 2619 hoc
1172 2577 1258 2629 ipso
1289 2576 1484 2618 miraculo
1517 2575 1646 2617 solum
1677 2574 1736 2616 le-

183 2643 332 2698 gimus.
394 2644 547 2687 Verum
579 2646 676 2697 hoc,
725 2647 828 2700 quod
861 2647 985 2702 vulgo
1016 2647 1213 2698 refertur,
1256 2647 1302 2688 ut
1333 2645 1526 2688 videlicet
1556 2644 1736 2687 eiusdem

184 2714 314 2756 coloni
346 2727 441 2757 uxor
472 2729 598 2758 unum
621 2716 669 2758 de
701 2717 911 2759 anseribus
939 2717 1179 2770 surripuerit
1216 2717 1454 2771 coxeritque,
1488 2728 1611 2770 quare
1642 2727 1738 2758 aves

326 2844 360 2888 1)
386 2843 485 2879 Nach
511 2843 571 2879 der
597 2845 674 2880 vita
707 2845 886 2889 rythmice,
919 2846 982 2880 let.
1020 2845 1050 2880 Ι.
1077 2857 1108 2880 v.
1138 2846 1205 2881 951
1218 2845 1253 2880 ff.
1292 2865 1335 2870 ·—-
1373 2847 1410 2888 ⁶2)
1434 2845 1661 2880 ulcisciturus
1684 2843 1736 2878 im

181 2902 312 2945 Druck,
339 2912 424 2938 corr.
450 2903 541 2937 nach
566 2903 645 2938 dem
671 2904 1171 2940 Druckfehlerverzeichnisse.
1198 2925 1242 2929 -—
1269 2905 1305 2947 3)
1330 2905 1365 2940 S.
1393 2905 1426 2939 S.
1453 2905 1522 2939 235
1544 2904 1569 2939 f.
1700 2899 1705 2906 ⁶
