1801 3213
524 111 705 155 Libellus
746 111 1088 155 Monasteriensis.
1499 112 1584 154 249

35 229 164 272 instar
195 229 330 283 pueri,
378 228 413 270 si
459 228 733 281 inveniretur,
778 229 1050 284 argenteum1
1082 230 1145 281 et,
1193 230 1308 283 quasi
1353 228 1462 271 facto
1492 230 1584 272 voto

33 312 194 343 omnem
235 311 351 342 suam
383 298 727 341 sollicitudinema
757 299 799 340 in
832 300 1017 341 sanctum
1057 299 1275 342 refudisset
1305 299 1583 351 confessorem,

36 370 159 413 rediit
190 369 365 412 domum.
428 369 475 410 In
507 369 710 411 redeundo
750 370 888 411 autem
919 370 1033 411 venit
1073 370 1125 412 ad
1164 370 1365 424 quandam
1398 370 1586 412 solitudi-

36 453 142 492 nem,
175 453 251 494 que
281 440 432 482 usitato
468 439 629 481 nomine
667 440 785 482 feneb
832 439 1003 491 dicitur,
1053 453 1174 494 quam
1215 441 1415 483 transiens
1448 454 1492 483 ex
1525 441 1586 482 in-

39 511 198 567 proviso
228 511 386 554 invenit
419 523 603 564 puerum,
636 510 712 552 tali
738 510 901 564 quidem
931 511 1031 562 loco,
1065 511 1169 565 quod
1200 524 1278 553 non
1299 512 1457 565 poterat
1488 511 1586 554 satis

37 582 263 634 ammirari,
297 582 470 636 qualiter
492 582 666 624 venisset
687 594 745 633 eo,
777 583 989 635 presertim
1010 583 1104 636 quia
1125 583 1433 636 circumquaque
1454 583 1515 623 tot
1547 584 1587 624 et

35 653 142 696 tales
175 654 290 695 erant
329 654 458 704 fosse,
508 652 610 706 quod
658 665 778 706 supra
824 653 1043 694 humanam
1089 653 1169 695 fuit
1210 653 1584 703 consideracionem,

37 723 142 781 quod
187 736 265 766 non
312 724 523 766 cecidisset
557 723 599 764 in
640 723 819 776 aliquam
857 723 1038 765 illarum.
1100 724 1247 766 Divine
1293 723 1430 777 itaque
1476 736 1586 765 reco-

37 807 234 850 gnoscens
265 794 308 836 id
329 794 453 837 fuisse
474 793 758 846 misericordie,
791 794 921 836 instar
952 793 1067 847 pueri
1097 796 1349 849 argenteum,
1383 794 1488 836 sicut
1519 806 1587 835 vo-

37 865 111 917 vit,
143 865 287 907 attulit
317 865 621 908 Monasterium.

187 937 279 978 170.
343 935 517 988 Quidam
556 936 735 990 armiger
777 935 1018 977 cuiusdam<1
1048 935 1169 978 vidue
1209 936 1364 990 segetes
1396 936 1516 977 noctu
1547 937 1588 977 et

40 1007 183 1049 furtim
216 1019 368 1058 secans,
402 1020 562 1049 sensum
594 1007 787 1060 perdidit,
830 1019 902 1048 nec
933 1007 1199 1061 qualicunque
1231 1007 1450 1049 vexabatur
1480 1006 1589 1048 insa-

37 1077 128 1129 nia,
175 1077 245 1120 sed
275 1078 372 1129 tali,
421 1078 524 1131 quod
565 1078 786 1131 putabatur
817 1077 998 1132 maligno
1039 1079 1223 1120 obsessus
1255 1078 1412 1132 spiritu.
1475 1078 1589 1120 Fecit

37 1148 146 1191 enim
178 1149 300 1200 mali,
347 1148 450 1202 quod
496 1149 651 1201 potuit,
698 1149 738 1190 et
769 1161 877 1190 more
917 1148 1051 1190 insani
1092 1149 1278 1190 currebat
1319 1149 1368 1191 de
1399 1149 1515 1191 nocte
1546 1148 1589 1189 in

38 1219 186 1273 plateis
219 1219 525 1274 Osenbruggee.
588 1220 696 1261 Ubif
725 1232 815 1261 cum
856 1220 1010 1273 aliquot
1049 1220 1264 1261 mansisset
1295 1219 1424 1269 annis,
1458 1232 1589 1272 somp-

39 1291 180 1341 niavit,
213 1291 316 1344 quod
349 1293 512 1334 sanctus
544 1290 783 1345 Ludgerusg
829 1290 980 1332 diceret
1026 1291 1084 1332 ei:
1149 1290 1291 1345 ,Surge
1338 1291 1378 1332 et
1423 1290 1590 1332 laborah

39 1361 330 1404 Monasterium
362 1364 402 1404 et
433 1362 684 1416 consequeris
716 1361 926 1417 graciam‘.
962 1361 1041 1404 Sed
1074 1362 1268 1416 quomodo
1295 1361 1589 1404 Monasterium

39 1432 221 1475 laborare
252 1434 396 1486 potuit,
430 1435 499 1487 qui
529 1447 604 1476 usu
636 1433 892 1476 discrecionis
915 1434 1075 1475 caruit?
1123 1433 1291 1483 Audiat,
1325 1445 1444 1486 quem
1475 1433 1590 1474 iuvat

38 1502 156 1554 scire,
189 1516 308 1557 quam
339 1504 582 1546 mirabiliter
613 1505 722 1546 Deus
754 1517 843 1545 suos
875 1503 1077 1558 glorificat
1113 1505 1283 1546 sanctos.
1339 1503 1590 1545 Morionum'l

39 1574 106 1616 vel
137 1587 383 1628 quocumque
414 1575 531 1617 modo
563 1588 681 1617 sensu
707 1575 934 1617 carencium
967 1575 1210 1616 consuetudo
1243 1576 1315 1625 est,
1349 1574 1489 1616 audita
1511 1574 1591 1617 fre-

39 1646 208 1698 quenter
239 1647 419 1699 repetere
451 1648 491 1688 et
521 1646 628 1688 inter
659 1647 791 1688 cetera
824 1646 938 1699 quasi
969 1658 993 1687 a
1026 1646 1206 1688 demonio
1239 1645 1468 1687 merediano
1486 1646 1513 1696 2,
1546 1647 1592 1687 ut

40 1714 101 1757 ita
132 1715 278 1767 dicam,
310 1717 512 1759 inducere.
545 1716 710 1759 Accidit
741 1717 878 1769 itaque
910 1717 950 1758 et
971 1716 1096 1758 istum
1128 1729 1208 1758 una
1241 1717 1397 1758 dierum
1429 1715 1591 1758 cuidam

42 1785 166 1828 militi
199 1787 353 1838 dicere',
385 1788 480 1841 quia
511 1788 675 1830 sanctus
707 1786 1156 1841 Ludgerusk,dixisset
1188 1786 1248 1838 ei,
1281 1786 1386 1828 sicut
1416 1786 1590 1840 predixi-

42 1870 132 1899 mus
164 1859 269 1900 ante.
332 1857 446 1911 Quod
478 1858 640 1912 quidem
672 1858 769 1900 licet
791 1857 953 1900 fecisset
990 1858 1032 1899 in
1064 1858 1234 1899 mentis1
1266 1870 1440 1908 excessu,
1475 1857 1592 1899 miles

41 1929 180 1970 tamen
211 1930 336 1980 ratus,
371 1929 465 1983 quia
487 1929 630 1972 fuisset
661 1929 720 1970 ita
740 1929 783 1970 in
814 1941 868 1980 re,
902 1929 1017 1970 duxit
1048 1942 1139 1971 eum
1172 1928 1477 1970 Monasterium.
1511 1928 1592 1970 Ubi

41 2000 201 2053 recepto
233 2012 373 2051 sensu,
415 2014 508 2042 cum
539 2000 756 2042 mansisset
795 2012 865 2053 per
907 2000 1088 2053 tempus,
1136 2012 1304 2054 peregre
1337 1998 1483 2041 direxit
1513 1999 1592 2041 iter

40 2070 93 2112 ad
125 2071 308 2113 sanctum
340 2071 536 2126 Egidium
551 2072 579 2114 3.

183 2142 308 2184 Plura
339 2142 420 2184 alia
450 2143 559 2184 Deus
591 2142 777 2196 operatus
809 2143 870 2183 est
899 2153 969 2195 per
1001 2153 1162 2183 servum
1194 2154 1310 2182 suum
1344 2140 1591 2194 Ludgerum,

39 2212 113 2255 sed
144 2213 218 2255 hec
249 2226 377 2267 pauca
407 2213 456 2255 de
488 2213 630 2255 multis
662 2212 813 2265 scripta
845 2213 939 2254 sunt
971 2212 1022 2253 ad
1054 2211 1214 2253 laudem
1249 2213 1289 2253 et
1320 2211 1494 2266 gloriam
1517 2211 1594 2253 Dei

43 2284 86 2326 et
117 2283 329 2334 salvatoris
361 2284 489 2326 nostri
521 2283 672 2325 Christi
704 2283 846 2333 Jhesu,
879 2283 949 2336 qui
981 2283 1041 2324 est
1071 2282 1292 2324 laudabilis
1325 2282 1365 2323 et
1395 2281 1594 2336 gloriosus

44 2356 87 2397 in
117 2355 269 2397 sanctis
300 2355 406 2397 suis4
428 2357 469 2397 et
500 2354 773 2408 superomnia
795 2354 904 2395 Deus
935 2353 1172 2395 benedictus
1203 2354 1244 2393 in
1267 2352 1414 2394 secula.
1447 2352 1592 2393 Amen.

185 2480 202 2498 a
226 2472 302 2507 soll.
330 2483 428 2506 suam
454 2472 498 2506 P.
526 2491 567 2495 —
603 2471 619 2497 b
645 2471 749 2506 fenne
774 2471 906 2506 Lesart
931 2471 986 2505 bei
1009 2470 1103 2504 Bon.
1143 2489 1186 2494 ——
1224 2476 1239 2495 0
1265 2468 1307 2503 de
1332 2469 1514 2503 insensato
1540 2478 1594 2502 ar-

43 2531 178 2577 migero
204 2532 262 2575 Ρ,·
287 2542 314 2566 c.
343 2533 385 2566 13
411 2532 540 2575 Pertz,·
577 2530 934 2575 Quidam—gratiam
957 2529 1055 2575 qeclr.
1082 2530 1200 2564 Perta.
1229 2548 1272 2553 —
1297 2529 1314 2554 d
1340 2527 1518 2562 cuiusdem
1544 2526 1593 2561 N.

45 2611 88 2616 —
115 2598 130 2617 e
156 2590 404 2635 Ossenbrugge
440 2591 486 2625 P.
528 2610 569 2615 -
607 2591 622 2616 f
652 2590 717 2625 Uti
753 2590 848 2625 Bon.
887 2609 930 2614 —
967 2597 984 2622 g
1017 2588 1126 2632 Lutg.
1153 2588 1208 2631 Ρ,·
1242 2587 1367 2631 Liutg.
1405 2586 1523 2621 Perta.
1550 2604 1595 2610 —

42 2650 62 2677 ¹1
87 2660 233 2695 propera
259 2649 298 2684 Ο.
329 2669 372 2674 -
401 2650 411 2676 i
435 2650 649 2684 morrionurn
668 2649 718 2683 N.
738 2668 780 2672 —
808 2649 825 2674 k
850 2648 958 2691 Lutg.
987 2647 1030 2681 P.
1059 2666 1101 2677 —-
1130 2646 1139 2672 1
1166 2647 1204 2681 in
1224 2657 1268 2680 m.
1296 2645 1361 2681 fec.
1385 2645 1428 2679 P.

188 2747 223 2788 1)
248 2745 330 2789 Vgl.
357 2745 390 2780 S.
409 2745 478 2779 242
504 2744 545 2778 A.
571 2744 604 2778 4.
633 2763 676 2768 —-
701 2744 737 2785 2)
764 2743 820 2777 Ps.
848 2743 903 2783 90,
931 2743 962 2777 6.
991 2761 1033 2766 —-
1059 2741 1095 2785 3)
1122 2740 1174 2775 St.
1201 2739 1312 2775 Gilles
1337 2739 1387 2773 im
1412 2737 1596 2773 siidlichen

45 2803 272 2839 Frankreich.
300 2823 343 2828 -—
369 2805 406 2849 4)
432 2803 513 2847 Vgl.
549 2803 606 2837 Ps.
634 2804 689 2843 67,
715 2803 771 2837 36.
